%YAML 1.1
%TAG !u! tag:unity3d.com,2011:
--- !u!1 &8797839231152421031
GameObject:
  m_ObjectHideFlags: 0
  m_CorrespondingSourceObject: {fileID: 0}
  m_PrefabInstance: {fileID: 0}
  m_PrefabAsset: {fileID: 0}
  serializedVersion: 6
  m_Component:
  - component: {fileID: 8796100403580439429}
  - component: {fileID: 8859955678126079493}
  m_Layer: 0
  m_Name: Collider2
  m_TagString: Untagged
  m_Icon: {fileID: 0}
  m_NavMeshLayer: 0
  m_StaticEditorFlags: 0
  m_IsActive: 1
--- !u!4 &8796100403580439429
Transform:
  m_ObjectHideFlags: 0
  m_CorrespondingSourceObject: {fileID: 0}
  m_PrefabInstance: {fileID: 0}
  m_PrefabAsset: {fileID: 0}
  m_GameObject: {fileID: 8797839231152421031}
  m_LocalRotation: {x: -0, y: -0, z: -0, w: 1}
  m_LocalPosition: {x: 0, y: 0.29, z: 2.84}
  m_LocalScale: {x: 1, y: 1, z: 1}
  m_Children: []
  m_Father: {fileID: 8796645487146779425}
  m_RootOrder: 1
  m_LocalEulerAnglesHint: {x: 0, y: 0, z: 0}
--- !u!65 &8859955678126079493
BoxCollider:
  m_ObjectHideFlags: 0
  m_CorrespondingSourceObject: {fileID: 0}
  m_PrefabInstance: {fileID: 0}
  m_PrefabAsset: {fileID: 0}
  m_GameObject: {fileID: 8797839231152421031}
  m_Material: {fileID: 0}
  m_IsTrigger: 0
  m_Enabled: 1
  serializedVersion: 2
  m_Size: {x: 1, y: 0.6, z: 4}
  m_Center: {x: 0, y: 0, z: 0}
--- !u!1 &8797980481439824141
GameObject:
  m_ObjectHideFlags: 0
  m_CorrespondingSourceObject: {fileID: 0}
  m_PrefabInstance: {fileID: 0}
  m_PrefabAsset: {fileID: 0}
  serializedVersion: 6
  m_Component:
  - component: {fileID: 8794754222864354831}
  - component: {fileID: 8861496528712403241}
  m_Layer: 0
  m_Name: Collider5
  m_TagString: Untagged
  m_Icon: {fileID: 0}
  m_NavMeshLayer: 0
  m_StaticEditorFlags: 0
  m_IsActive: 1
--- !u!4 &8794754222864354831
Transform:
  m_ObjectHideFlags: 0
  m_CorrespondingSourceObject: {fileID: 0}
  m_PrefabInstance: {fileID: 0}
  m_PrefabAsset: {fileID: 0}
  m_GameObject: {fileID: 8797980481439824141}
  m_LocalRotation: {x: -0, y: -0, z: -0, w: 1}
  m_LocalPosition: {x: 0, y: 0.16, z: -0.15}
  m_LocalScale: {x: 1, y: 1, z: 1}
  m_Children: []
  m_Father: {fileID: 8796645487146779425}
  m_RootOrder: 4
  m_LocalEulerAnglesHint: {x: 0, y: 0, z: 0}
--- !u!65 &8861496528712403241
BoxCollider:
  m_ObjectHideFlags: 0
  m_CorrespondingSourceObject: {fileID: 0}
  m_PrefabInstance: {fileID: 0}
  m_PrefabAsset: {fileID: 0}
  m_GameObject: {fileID: 8797980481439824141}
  m_Material: {fileID: 0}
  m_IsTrigger: 0
  m_Enabled: 1
  serializedVersion: 2
  m_Size: {x: 6.5, y: 0.2, z: 1.7}
  m_Center: {x: 0, y: 0, z: 0}
--- !u!1 &8798103498290509859
GameObject:
  m_ObjectHideFlags: 0
  m_CorrespondingSourceObject: {fileID: 0}
  m_PrefabInstance: {fileID: 0}
  m_PrefabAsset: {fileID: 0}
  serializedVersion: 6
  m_Component:
  - component: {fileID: 8796360865348166273}
  - component: {fileID: 8859930961453813625}
  m_Layer: 0
  m_Name: Collider4
  m_TagString: Untagged
  m_Icon: {fileID: 0}
  m_NavMeshLayer: 0
  m_StaticEditorFlags: 0
  m_IsActive: 1
--- !u!4 &8796360865348166273
Transform:
  m_ObjectHideFlags: 0
  m_CorrespondingSourceObject: {fileID: 0}
  m_PrefabInstance: {fileID: 0}
  m_PrefabAsset: {fileID: 0}
  m_GameObject: {fileID: 8798103498290509859}
  m_LocalRotation: {x: -0, y: -0, z: -0, w: 1}
  m_LocalPosition: {x: -3.717, y: 0.231, z: -1.5}
  m_LocalScale: {x: 1, y: 1, z: 1}
  m_Children: []
  m_Father: {fileID: 8796645487146779425}
  m_RootOrder: 3
  m_LocalEulerAnglesHint: {x: 0, y: 0, z: 0}
--- !u!65 &8859930961453813625
BoxCollider:
  m_ObjectHideFlags: 0
  m_CorrespondingSourceObject: {fileID: 0}
  m_PrefabInstance: {fileID: 0}
  m_PrefabAsset: {fileID: 0}
  m_GameObject: {fileID: 8798103498290509859}
  m_Material: {fileID: 0}
  m_IsTrigger: 0
  m_Enabled: 1
  serializedVersion: 2
  m_Size: {x: 0.8, y: 0.7, z: 3.2}
  m_Center: {x: 0, y: 0, z: 0}
--- !u!1 &8798217343753454435
GameObject:
  m_ObjectHideFlags: 0
  m_CorrespondingSourceObject: {fileID: 0}
  m_PrefabInstance: {fileID: 0}
  m_PrefabAsset: {fileID: 0}
  serializedVersion: 6
  m_Component:
  - component: {fileID: 8796593558706085481}
  - component: {fileID: 8860186049759210165}
  m_Layer: 0
  m_Name: Collider3
  m_TagString: Untagged
  m_Icon: {fileID: 0}
  m_NavMeshLayer: 0
  m_StaticEditorFlags: 0
  m_IsActive: 1
--- !u!4 &8796593558706085481
Transform:
  m_ObjectHideFlags: 0
  m_CorrespondingSourceObject: {fileID: 0}
  m_PrefabInstance: {fileID: 0}
  m_PrefabAsset: {fileID: 0}
  m_GameObject: {fileID: 8798217343753454435}
  m_LocalRotation: {x: -0, y: -0, z: -0, w: 1}
  m_LocalPosition: {x: 3.717, y: 0.231, z: -1.5}
  m_LocalScale: {x: 1, y: 1, z: 1}
  m_Children: []
  m_Father: {fileID: 8796645487146779425}
  m_RootOrder: 2
  m_LocalEulerAnglesHint: {x: 0, y: 0, z: 0}
--- !u!65 &8860186049759210165
BoxCollider:
  m_ObjectHideFlags: 0
  m_CorrespondingSourceObject: {fileID: 0}
  m_PrefabInstance: {fileID: 0}
  m_PrefabAsset: {fileID: 0}
  m_GameObject: {fileID: 8798217343753454435}
  m_Material: {fileID: 0}
  m_IsTrigger: 0
  m_Enabled: 1
  serializedVersion: 2
  m_Size: {x: 0.8, y: 0.7, z: 3.2}
  m_Center: {x: 0, y: 0, z: 0}
--- !u!1 &8798676231453841413
GameObject:
  m_ObjectHideFlags: 0
  m_CorrespondingSourceObject: {fileID: 0}
  m_PrefabInstance: {fileID: 0}
  m_PrefabAsset: {fileID: 0}
  serializedVersion: 6
  m_Component:
  - component: {fileID: 8796636101671347737}
  - component: {fileID: 8819546230735239087}
  - component: {fileID: 8811656481286889401}
  - component: {fileID: 412330774950595096}
  - component: {fileID: 5490827362079448566}
  - component: {fileID: 2693927158368102980}
  m_Layer: 0
  m_Name: flaying_sparrow_enemy_8
  m_TagString: Enemy
  m_Icon: {fileID: 0}
  m_NavMeshLayer: 0
  m_StaticEditorFlags: 0
  m_IsActive: 1
--- !u!4 &8796636101671347737
Transform:
  m_ObjectHideFlags: 0
  m_CorrespondingSourceObject: {fileID: 0}
  m_PrefabInstance: {fileID: 0}
  m_PrefabAsset: {fileID: 0}
  m_GameObject: {fileID: 8798676231453841413}
  m_LocalRotation: {x: 0.000000021855694, y: 0, z: -0, w: 1}
  m_LocalPosition: {x: 0, y: 0, z: 0}
  m_LocalScale: {x: 1, y: 1, z: 1}
  m_Children:
  - {fileID: 8796645487146779425}
  - {fileID: 4424691521015627804}
  - {fileID: 5055505616377758404}
  m_Father: {fileID: 0}
  m_RootOrder: 0
  m_LocalEulerAnglesHint: {x: 0, y: 0, z: 0}
--- !u!33 &8819546230735239087
MeshFilter:
  m_ObjectHideFlags: 0
  m_CorrespondingSourceObject: {fileID: 0}
  m_PrefabInstance: {fileID: 0}
  m_PrefabAsset: {fileID: 0}
  m_GameObject: {fileID: 8798676231453841413}
  m_Mesh: {fileID: 4300006, guid: e0f90ad78680d6145b082ac69f7fc504, type: 3}
--- !u!23 &8811656481286889401
MeshRenderer:
  m_ObjectHideFlags: 0
  m_CorrespondingSourceObject: {fileID: 0}
  m_PrefabInstance: {fileID: 0}
  m_PrefabAsset: {fileID: 0}
  m_GameObject: {fileID: 8798676231453841413}
  m_Enabled: 1
  m_CastShadows: 1
  m_ReceiveShadows: 1
  m_DynamicOccludee: 1
  m_MotionVectors: 1
  m_LightProbeUsage: 1
  m_ReflectionProbeUsage: 1
  m_RenderingLayerMask: 1
  m_RendererPriority: 0
  m_Materials:
  - {fileID: 2100000, guid: f4515b3c7e536f347a12e8ed4566741c, type: 2}
  m_StaticBatchInfo:
    firstSubMesh: 0
    subMeshCount: 0
  m_StaticBatchRoot: {fileID: 0}
  m_ProbeAnchor: {fileID: 0}
  m_LightProbeVolumeOverride: {fileID: 0}
  m_ScaleInLightmap: 1
  m_ReceiveGI: 1
  m_PreserveUVs: 0
  m_IgnoreNormalsForChartDetection: 0
  m_ImportantGI: 0
  m_StitchLightmapSeams: 0
  m_SelectedEditorRenderState: 3
  m_MinimumChartSize: 4
  m_AutoUVMaxDistance: 0.5
  m_AutoUVMaxAngle: 89
  m_LightmapParameters: {fileID: 0}
  m_SortingLayerID: 0
  m_SortingLayer: 0
  m_SortingOrder: 0
--- !u!114 &412330774950595096
MonoBehaviour:
  m_ObjectHideFlags: 0
  m_CorrespondingSourceObject: {fileID: 0}
  m_PrefabInstance: {fileID: 0}
  m_PrefabAsset: {fileID: 0}
  m_GameObject: {fileID: 8798676231453841413}
  m_Enabled: 1
  m_EditorHideFlags: 0
  m_Script: {fileID: 11500000, guid: 565958b5101f3c54cb8958a41e7d2ce9, type: 3}
  m_Name: 
  m_EditorClassIdentifier: 
  target: {fileID: 0}
  gm: {fileID: 0}
  isActive: 0
  animator: {fileID: 0}
--- !u!54 &5490827362079448566
Rigidbody:
  m_ObjectHideFlags: 0
  m_CorrespondingSourceObject: {fileID: 0}
  m_PrefabInstance: {fileID: 0}
  m_PrefabAsset: {fileID: 0}
  m_GameObject: {fileID: 8798676231453841413}
  serializedVersion: 2
  m_Mass: 1
  m_Drag: 0
  m_AngularDrag: 0.05
  m_UseGravity: 0
  m_IsKinematic: 0
  m_Interpolate: 0
  m_Constraints: 0
  m_CollisionDetection: 0
--- !u!65 &2693927158368102980
BoxCollider:
  m_ObjectHideFlags: 0
  m_CorrespondingSourceObject: {fileID: 0}
  m_PrefabInstance: {fileID: 0}
  m_PrefabAsset: {fileID: 0}
  m_GameObject: {fileID: 8798676231453841413}
  m_Material: {fileID: 0}
  m_IsTrigger: 0
  m_Enabled: 1
  serializedVersion: 2
  m_Size: {x: 10.745908, y: 2.880384, z: 13.023569}
  m_Center: {x: 0, y: -0.000014603138, z: -0.0000023841858}
--- !u!1 &8798717960963545485
GameObject:
  m_ObjectHideFlags: 0
  m_CorrespondingSourceObject: {fileID: 0}
  m_PrefabInstance: {fileID: 0}
  m_PrefabAsset: {fileID: 0}
  serializedVersion: 6
  m_Component:
  - component: {fileID: 8794904355077099813}
  - component: {fileID: 8861527196377459969}
  m_Layer: 0
  m_Name: Collider1
  m_TagString: Untagged
  m_Icon: {fileID: 0}
  m_NavMeshLayer: 0
  m_StaticEditorFlags: 0
  m_IsActive: 1
--- !u!4 &8794904355077099813
Transform:
  m_ObjectHideFlags: 0
  m_CorrespondingSourceObject: {fileID: 0}
  m_PrefabInstance: {fileID: 0}
  m_PrefabAsset: {fileID: 0}
  m_GameObject: {fileID: 8798717960963545485}
  m_LocalRotation: {x: 0, y: 0, z: 0, w: 1}
  m_LocalPosition: {x: 0, y: 0.268, z: -1.231}
  m_LocalScale: {x: 1, y: 1, z: 1}
  m_Children: []
  m_Father: {fileID: 8796645487146779425}
  m_RootOrder: 0
  m_LocalEulerAnglesHint: {x: 0, y: 0, z: 0}
--- !u!65 &8861527196377459969
BoxCollider:
  m_ObjectHideFlags: 0
  m_CorrespondingSourceObject: {fileID: 0}
  m_PrefabInstance: {fileID: 0}
  m_PrefabAsset: {fileID: 0}
  m_GameObject: {fileID: 8798717960963545485}
  m_Material: {fileID: 0}
  m_IsTrigger: 0
  m_Enabled: 1
  serializedVersion: 2
  m_Size: {x: 1, y: 1.4, z: 4}
  m_Center: {x: 0, y: 0, z: 0}
--- !u!1 &8798850487986833087
GameObject:
  m_ObjectHideFlags: 0
  m_CorrespondingSourceObject: {fileID: 0}
  m_PrefabInstance: {fileID: 0}
  m_PrefabAsset: {fileID: 0}
  serializedVersion: 6
  m_Component:
  - component: {fileID: 8796645487146779425}
  m_Layer: 0
  m_Name: Collider
  m_TagString: Untagged
  m_Icon: {fileID: 0}
  m_NavMeshLayer: 0
  m_StaticEditorFlags: 0
  m_IsActive: 1
--- !u!4 &8796645487146779425
Transform:
  m_ObjectHideFlags: 0
  m_CorrespondingSourceObject: {fileID: 0}
  m_PrefabInstance: {fileID: 0}
  m_PrefabAsset: {fileID: 0}
  m_GameObject: {fileID: 8798850487986833087}
  m_LocalRotation: {x: -0, y: -0, z: -0, w: 1}
  m_LocalPosition: {x: 0, y: 0, z: 0}
  m_LocalScale: {x: 1, y: 1, z: 1}
  m_Children:
  - {fileID: 8794904355077099813}
  - {fileID: 8796100403580439429}
  - {fileID: 8796593558706085481}
  - {fileID: 8796360865348166273}
  - {fileID: 8794754222864354831}
  m_Father: {fileID: 8796636101671347737}
  m_RootOrder: 0
  m_LocalEulerAnglesHint: {x: 0, y: 0, z: 0}
--- !u!1001 &4319497469822431159
PrefabInstance:
  m_ObjectHideFlags: 0
  serializedVersion: 2
  m_Modification:
    m_TransformParent: {fileID: 8796636101671347737}
    m_Modifications:
    - target: {fileID: 474665143576768430, guid: 58e4c53385ccb884182a347f8a5ffb8c,
        type: 3}
      propertyPath: m_Name
      value: Smoke
      objectReference: {fileID: 0}
    - target: {fileID: 474665143576768427, guid: 58e4c53385ccb884182a347f8a5ffb8c,
        type: 3}
      propertyPath: m_LocalPosition.x
      value: 3.74
      objectReference: {fileID: 0}
    - target: {fileID: 474665143576768427, guid: 58e4c53385ccb884182a347f8a5ffb8c,
        type: 3}
      propertyPath: m_LocalPosition.y
      value: 0.19
      objectReference: {fileID: 0}
    - target: {fileID: 474665143576768427, guid: 58e4c53385ccb884182a347f8a5ffb8c,
        type: 3}
      propertyPath: m_LocalPosition.z
      value: -4.73
      objectReference: {fileID: 0}
    - target: {fileID: 474665143576768427, guid: 58e4c53385ccb884182a347f8a5ffb8c,
        type: 3}
      propertyPath: m_LocalRotation.x
      value: 0
      objectReference: {fileID: 0}
    - target: {fileID: 474665143576768427, guid: 58e4c53385ccb884182a347f8a5ffb8c,
        type: 3}
      propertyPath: m_LocalRotation.y
      value: 1
      objectReference: {fileID: 0}
    - target: {fileID: 474665143576768427, guid: 58e4c53385ccb884182a347f8a5ffb8c,
        type: 3}
      propertyPath: m_LocalRotation.z
      value: 0
      objectReference: {fileID: 0}
    - target: {fileID: 474665143576768427, guid: 58e4c53385ccb884182a347f8a5ffb8c,
        type: 3}
      propertyPath: m_LocalRotation.w
      value: 0
      objectReference: {fileID: 0}
    - target: {fileID: 474665143576768427, guid: 58e4c53385ccb884182a347f8a5ffb8c,
        type: 3}
      propertyPath: m_RootOrder
      value: 1
      objectReference: {fileID: 0}
    - target: {fileID: 474665143576768427, guid: 58e4c53385ccb884182a347f8a5ffb8c,
        type: 3}
      propertyPath: m_LocalEulerAnglesHint.x
      value: 0
      objectReference: {fileID: 0}
    - target: {fileID: 474665143576768427, guid: 58e4c53385ccb884182a347f8a5ffb8c,
        type: 3}
      propertyPath: m_LocalEulerAnglesHint.y
      value: 180
      objectReference: {fileID: 0}
    - target: {fileID: 474665143576768427, guid: 58e4c53385ccb884182a347f8a5ffb8c,
        type: 3}
      propertyPath: m_LocalEulerAnglesHint.z
      value: 0
      objectReference: {fileID: 0}
    - target: {fileID: 474665143576768424, guid: 58e4c53385ccb884182a347f8a5ffb8c,
        type: 3}
      propertyPath: ShapeModule.radius.value
      value: 0.0001
      objectReference: {fileID: 0}
    m_RemovedComponents: []
  m_SourcePrefab: {fileID: 100100000, guid: 58e4c53385ccb884182a347f8a5ffb8c, type: 3}
--- !u!4 &4424691521015627804 stripped
Transform:
  m_CorrespondingSourceObject: {fileID: 474665143576768427, guid: 58e4c53385ccb884182a347f8a5ffb8c,
    type: 3}
  m_PrefabInstance: {fileID: 4319497469822431159}
  m_PrefabAsset: {fileID: 0}
--- !u!1001 &4665336672435006831
PrefabInstance:
  m_ObjectHideFlags: 0
  serializedVersion: 2
  m_Modification:
    m_TransformParent: {fileID: 8796636101671347737}
    m_Modifications:
    - target: {fileID: 474665143576768430, guid: 58e4c53385ccb884182a347f8a5ffb8c,
        type: 3}
      propertyPath: m_Name
      value: Smoke (1)
      objectReference: {fileID: 0}
    - target: {fileID: 474665143576768427, guid: 58e4c53385ccb884182a347f8a5ffb8c,
        type: 3}
      propertyPath: m_LocalPosition.x
      value: -3.79
      objectReference: {fileID: 0}
    - target: {fileID: 474665143576768427, guid: 58e4c53385ccb884182a347f8a5ffb8c,
        type: 3}
      propertyPath: m_LocalPosition.y
      value: 0.28
      objectReference: {fileID: 0}
    - target: {fileID: 474665143576768427, guid: 58e4c53385ccb884182a347f8a5ffb8c,
        type: 3}
      propertyPath: m_LocalPosition.z
      value: -4.73
      objectReference: {fileID: 0}
    - target: {fileID: 474665143576768427, guid: 58e4c53385ccb884182a347f8a5ffb8c,
        type: 3}
      propertyPath: m_LocalRotation.x
      value: -0
      objectReference: {fileID: 0}
    - target: {fileID: 474665143576768427, guid: 58e4c53385ccb884182a347f8a5ffb8c,
        type: 3}
      propertyPath: m_LocalRotation.y
      value: 1
      objectReference: {fileID: 0}
    - target: {fileID: 474665143576768427, guid: 58e4c53385ccb884182a347f8a5ffb8c,
        type: 3}
      propertyPath: m_LocalRotation.z
      value: -0
      objectReference: {fileID: 0}
    - target: {fileID: 474665143576768427, guid: 58e4c53385ccb884182a347f8a5ffb8c,
        type: 3}
      propertyPath: m_LocalRotation.w
      value: 0
      objectReference: {fileID: 0}
    - target: {fileID: 474665143576768427, guid: 58e4c53385ccb884182a347f8a5ffb8c,
        type: 3}
      propertyPath: m_RootOrder
      value: 2
      objectReference: {fileID: 0}
    - target: {fileID: 474665143576768427, guid: 58e4c53385ccb884182a347f8a5ffb8c,
        type: 3}
      propertyPath: m_LocalEulerAnglesHint.x
      value: 0
      objectReference: {fileID: 0}
    - target: {fileID: 474665143576768427, guid: 58e4c53385ccb884182a347f8a5ffb8c,
        type: 3}
      propertyPath: m_LocalEulerAnglesHint.y
      value: 180
      objectReference: {fileID: 0}
    - target: {fileID: 474665143576768427, guid: 58e4c53385ccb884182a347f8a5ffb8c,
        type: 3}
      propertyPath: m_LocalEulerAnglesHint.z
      value: 0
      objectReference: {fileID: 0}
    - target: {fileID: 474665143576768424, guid: 58e4c53385ccb884182a347f8a5ffb8c,
        type: 3}
      propertyPath: ShapeModule.radius.value
      value: 0.0001
      objectReference: {fileID: 0}
    m_RemovedComponents: []
  m_SourcePrefab: {fileID: 100100000, guid: 58e4c53385ccb884182a347f8a5ffb8c, type: 3}
--- !u!4 &5055505616377758404 stripped
Transform:
  m_CorrespondingSourceObject: {fileID: 474665143576768427, guid: 58e4c53385ccb884182a347f8a5ffb8c,
    type: 3}
  m_PrefabInstance: {fileID: 4665336672435006831}
  m_PrefabAsset: {fileID: 0}
