%YAML 1.1
%TAG !u! tag:unity3d.com,2011:
--- !u!1 &2924102753658338531
GameObject:
  m_ObjectHideFlags: 0
  m_CorrespondingSourceObject: {fileID: 0}
  m_PrefabInstance: {fileID: 0}
  m_PrefabAsset: {fileID: 0}
  serializedVersion: 6
  m_Component:
  - component: {fileID: 2919186626847743393}
  - component: {fileID: 2916775516458813267}
  m_Layer: 0
  m_Name: Collider5
  m_TagString: Untagged
  m_Icon: {fileID: 0}
  m_NavMeshLayer: 0
  m_StaticEditorFlags: 0
  m_IsActive: 1
--- !u!4 &2919186626847743393
Transform:
  m_ObjectHideFlags: 0
  m_CorrespondingSourceObject: {fileID: 0}
  m_PrefabInstance: {fileID: 0}
  m_PrefabAsset: {fileID: 0}
  m_GameObject: {fileID: 2924102753658338531}
  m_LocalRotation: {x: 0, y: 0, z: 0.2588191, w: 0.9659258}
  m_LocalPosition: {x: -1.358, y: -1.181, z: -3.308}
  m_LocalScale: {x: 1, y: 1, z: 1}
  m_Children: []
  m_Father: {fileID: 2926315403195441053}
  m_RootOrder: 4
  m_LocalEulerAnglesHint: {x: 0, y: 0, z: 30}
--- !u!65 &2916775516458813267
BoxCollider:
  m_ObjectHideFlags: 0
  m_CorrespondingSourceObject: {fileID: 0}
  m_PrefabInstance: {fileID: 0}
  m_PrefabAsset: {fileID: 0}
  m_GameObject: {fileID: 2924102753658338531}
  m_Material: {fileID: 0}
  m_IsTrigger: 0
  m_Enabled: 1
  serializedVersion: 2
  m_Size: {x: 1.5, y: 0.1, z: 1}
  m_Center: {x: 0, y: 0, z: 0}
--- !u!1 &2924231153938015521
GameObject:
  m_ObjectHideFlags: 0
  m_CorrespondingSourceObject: {fileID: 0}
  m_PrefabInstance: {fileID: 0}
  m_PrefabAsset: {fileID: 0}
  serializedVersion: 6
  m_Component:
  - component: {fileID: 2926315403195441053}
  m_Layer: 0
  m_Name: Collider
  m_TagString: Untagged
  m_Icon: {fileID: 0}
  m_NavMeshLayer: 0
  m_StaticEditorFlags: 0
  m_IsActive: 1
--- !u!4 &2926315403195441053
Transform:
  m_ObjectHideFlags: 0
  m_CorrespondingSourceObject: {fileID: 0}
  m_PrefabInstance: {fileID: 0}
  m_PrefabAsset: {fileID: 0}
  m_GameObject: {fileID: 2924231153938015521}
  m_LocalRotation: {x: -0, y: -0, z: -0, w: 1}
  m_LocalPosition: {x: 0, y: 0, z: 0}
  m_LocalScale: {x: 1, y: 1, z: 1}
  m_Children:
  - {fileID: 2926570918667616543}
  - {fileID: 2918975877553365167}
  - {fileID: 2926593007364092393}
  - {fileID: 2926654093363560459}
  - {fileID: 2919186626847743393}
  - {fileID: 2918915563785496419}
  - {fileID: 2926347811101032217}
  m_Father: {fileID: 2919268591552106673}
  m_RootOrder: 0
  m_LocalEulerAnglesHint: {x: 0, y: 0, z: 0}
--- !u!1 &2924527202417330653
GameObject:
  m_ObjectHideFlags: 0
  m_CorrespondingSourceObject: {fileID: 0}
  m_PrefabInstance: {fileID: 0}
  m_PrefabAsset: {fileID: 0}
  serializedVersion: 6
  m_Component:
  - component: {fileID: 2926593007364092393}
  - component: {fileID: 2915343489493656981}
  m_Layer: 0
  m_Name: Collider3
  m_TagString: Untagged
  m_Icon: {fileID: 0}
  m_NavMeshLayer: 0
  m_StaticEditorFlags: 0
  m_IsActive: 1
--- !u!4 &2926593007364092393
Transform:
  m_ObjectHideFlags: 0
  m_CorrespondingSourceObject: {fileID: 0}
  m_PrefabInstance: {fileID: 0}
  m_PrefabAsset: {fileID: 0}
  m_GameObject: {fileID: 2924527202417330653}
  m_LocalRotation: {x: -0, y: -0, z: -0, w: 1}
  m_LocalPosition: {x: -3.191, y: 1.187, z: -3.884}
  m_LocalScale: {x: 1, y: 1, z: 1}
  m_Children: []
  m_Father: {fileID: 2926315403195441053}
  m_RootOrder: 2
  m_LocalEulerAnglesHint: {x: 0, y: 0, z: 0}
--- !u!65 &2915343489493656981
BoxCollider:
  m_ObjectHideFlags: 0
  m_CorrespondingSourceObject: {fileID: 0}
  m_PrefabInstance: {fileID: 0}
  m_PrefabAsset: {fileID: 0}
  m_GameObject: {fileID: 2924527202417330653}
  m_Material: {fileID: 0}
  m_IsTrigger: 0
  m_Enabled: 1
  serializedVersion: 2
  m_Size: {x: 0.7, y: 0.5, z: 2.2}
  m_Center: {x: 0, y: 0, z: 0}
--- !u!1 &2924543098068808305
GameObject:
  m_ObjectHideFlags: 0
  m_CorrespondingSourceObject: {fileID: 0}
  m_PrefabInstance: {fileID: 0}
  m_PrefabAsset: {fileID: 0}
  serializedVersion: 6
  m_Component:
  - component: {fileID: 2926654093363560459}
  - component: {fileID: 2917188457923976923}
  m_Layer: 0
  m_Name: Collider4
  m_TagString: Untagged
  m_Icon: {fileID: 0}
  m_NavMeshLayer: 0
  m_StaticEditorFlags: 0
  m_IsActive: 1
--- !u!4 &2926654093363560459
Transform:
  m_ObjectHideFlags: 0
  m_CorrespondingSourceObject: {fileID: 0}
  m_PrefabInstance: {fileID: 0}
  m_PrefabAsset: {fileID: 0}
  m_GameObject: {fileID: 2924543098068808305}
  m_LocalRotation: {x: 0, y: 0, z: -0.258819, w: 0.9659259}
  m_LocalPosition: {x: 1.358, y: -1.181, z: -3.308}
  m_LocalScale: {x: 1, y: 1, z: 1}
  m_Children: []
  m_Father: {fileID: 2926315403195441053}
  m_RootOrder: 3
  m_LocalEulerAnglesHint: {x: 0, y: 0, z: -30}
--- !u!65 &2917188457923976923
BoxCollider:
  m_ObjectHideFlags: 0
  m_CorrespondingSourceObject: {fileID: 0}
  m_PrefabInstance: {fileID: 0}
  m_PrefabAsset: {fileID: 0}
  m_GameObject: {fileID: 2924543098068808305}
  m_Material: {fileID: 0}
  m_IsTrigger: 0
  m_Enabled: 1
  serializedVersion: 2
  m_Size: {x: 1.5, y: 0.1, z: 1}
  m_Center: {x: 0, y: 0, z: 0}
--- !u!1 &2924721563885566471
GameObject:
  m_ObjectHideFlags: 0
  m_CorrespondingSourceObject: {fileID: 0}
  m_PrefabInstance: {fileID: 0}
  m_PrefabAsset: {fileID: 0}
  serializedVersion: 6
  m_Component:
  - component: {fileID: 2918975877553365167}
  - component: {fileID: 2915417178469771787}
  m_Layer: 0
  m_Name: Collider2
  m_TagString: Untagged
  m_Icon: {fileID: 0}
  m_NavMeshLayer: 0
  m_StaticEditorFlags: 0
  m_IsActive: 1
--- !u!4 &2918975877553365167
Transform:
  m_ObjectHideFlags: 0
  m_CorrespondingSourceObject: {fileID: 0}
  m_PrefabInstance: {fileID: 0}
  m_PrefabAsset: {fileID: 0}
  m_GameObject: {fileID: 2924721563885566471}
  m_LocalRotation: {x: -0, y: -0, z: -0, w: 1}
  m_LocalPosition: {x: 3.191, y: 1.187, z: -3.884}
  m_LocalScale: {x: 1, y: 1, z: 1}
  m_Children: []
  m_Father: {fileID: 2926315403195441053}
  m_RootOrder: 1
  m_LocalEulerAnglesHint: {x: 0, y: 0, z: 0}
--- !u!65 &2915417178469771787
BoxCollider:
  m_ObjectHideFlags: 0
  m_CorrespondingSourceObject: {fileID: 0}
  m_PrefabInstance: {fileID: 0}
  m_PrefabAsset: {fileID: 0}
  m_GameObject: {fileID: 2924721563885566471}
  m_Material: {fileID: 0}
  m_IsTrigger: 0
  m_Enabled: 1
  serializedVersion: 2
  m_Size: {x: 0.7, y: 0.5, z: 2.2}
  m_Center: {x: 0, y: 0, z: 0}
--- !u!1 &2924784210121435665
GameObject:
  m_ObjectHideFlags: 0
  m_CorrespondingSourceObject: {fileID: 0}
  m_PrefabInstance: {fileID: 0}
  m_PrefabAsset: {fileID: 0}
  serializedVersion: 6
  m_Component:
  - component: {fileID: 2926570918667616543}
  - component: {fileID: 2915508177519489263}
  m_Layer: 0
  m_Name: Collider1
  m_TagString: Untagged
  m_Icon: {fileID: 0}
  m_NavMeshLayer: 0
  m_StaticEditorFlags: 0
  m_IsActive: 1
--- !u!4 &2926570918667616543
Transform:
  m_ObjectHideFlags: 0
  m_CorrespondingSourceObject: {fileID: 0}
  m_PrefabInstance: {fileID: 0}
  m_PrefabAsset: {fileID: 0}
  m_GameObject: {fileID: 2924784210121435665}
  m_LocalRotation: {x: 0, y: 0, z: 0, w: 1}
  m_LocalPosition: {x: 0, y: -0.5, z: -0.6}
  m_LocalScale: {x: 1, y: 1, z: 1}
  m_Children: []
  m_Father: {fileID: 2926315403195441053}
  m_RootOrder: 0
  m_LocalEulerAnglesHint: {x: 0, y: 0, z: 0}
--- !u!65 &2915508177519489263
BoxCollider:
  m_ObjectHideFlags: 0
  m_CorrespondingSourceObject: {fileID: 0}
  m_PrefabInstance: {fileID: 0}
  m_PrefabAsset: {fileID: 0}
  m_GameObject: {fileID: 2924784210121435665}
  m_Material: {fileID: 0}
  m_IsTrigger: 0
  m_Enabled: 1
  serializedVersion: 2
  m_Size: {x: 1, y: 0.7, z: 9}
  m_Center: {x: 0, y: 0, z: 0}
--- !u!1 &2924896801280191585
GameObject:
  m_ObjectHideFlags: 0
  m_CorrespondingSourceObject: {fileID: 0}
  m_PrefabInstance: {fileID: 0}
  m_PrefabAsset: {fileID: 0}
  serializedVersion: 6
  m_Component:
  - component: {fileID: 2918915563785496419}
  - component: {fileID: 2916855338647816563}
  m_Layer: 0
  m_Name: Collider6
  m_TagString: Untagged
  m_Icon: {fileID: 0}
  m_NavMeshLayer: 0
  m_StaticEditorFlags: 0
  m_IsActive: 1
--- !u!4 &2918915563785496419
Transform:
  m_ObjectHideFlags: 0
  m_CorrespondingSourceObject: {fileID: 0}
  m_PrefabInstance: {fileID: 0}
  m_PrefabAsset: {fileID: 0}
  m_GameObject: {fileID: 2924896801280191585}
  m_LocalRotation: {x: -0, y: -0, z: -0, w: 1}
  m_LocalPosition: {x: 2.265, y: -1.68, z: -3.31}
  m_LocalScale: {x: 1, y: 1, z: 1}
  m_Children: []
  m_Father: {fileID: 2926315403195441053}
  m_RootOrder: 5
  m_LocalEulerAnglesHint: {x: 0, y: 0, z: 0}
--- !u!65 &2916855338647816563
BoxCollider:
  m_ObjectHideFlags: 0
  m_CorrespondingSourceObject: {fileID: 0}
  m_PrefabInstance: {fileID: 0}
  m_PrefabAsset: {fileID: 0}
  m_GameObject: {fileID: 2924896801280191585}
  m_Material: {fileID: 0}
  m_IsTrigger: 0
  m_Enabled: 1
  serializedVersion: 2
  m_Size: {x: 0.5, y: 0.4, z: 2.1}
  m_Center: {x: 0, y: 0, z: 0}
--- !u!1 &2924991878376311937
GameObject:
  m_ObjectHideFlags: 0
  m_CorrespondingSourceObject: {fileID: 0}
  m_PrefabInstance: {fileID: 0}
  m_PrefabAsset: {fileID: 0}
  serializedVersion: 6
  m_Component:
  - component: {fileID: 2926347811101032217}
  - component: {fileID: 2916934749123457875}
  m_Layer: 0
  m_Name: Collider7
  m_TagString: Untagged
  m_Icon: {fileID: 0}
  m_NavMeshLayer: 0
  m_StaticEditorFlags: 0
  m_IsActive: 1
--- !u!4 &2926347811101032217
Transform:
  m_ObjectHideFlags: 0
  m_CorrespondingSourceObject: {fileID: 0}
  m_PrefabInstance: {fileID: 0}
  m_PrefabAsset: {fileID: 0}
  m_GameObject: {fileID: 2924991878376311937}
  m_LocalRotation: {x: -0, y: -0, z: -0, w: 1}
  m_LocalPosition: {x: -2.265, y: -1.68, z: -3.31}
  m_LocalScale: {x: 1, y: 1, z: 1}
  m_Children: []
  m_Father: {fileID: 2926315403195441053}
  m_RootOrder: 6
  m_LocalEulerAnglesHint: {x: 0, y: 0, z: 0}
--- !u!65 &2916934749123457875
BoxCollider:
  m_ObjectHideFlags: 0
  m_CorrespondingSourceObject: {fileID: 0}
  m_PrefabInstance: {fileID: 0}
  m_PrefabAsset: {fileID: 0}
  m_GameObject: {fileID: 2924991878376311937}
  m_Material: {fileID: 0}
  m_IsTrigger: 0
  m_Enabled: 1
  serializedVersion: 2
  m_Size: {x: 0.5, y: 0.4, z: 2.1}
  m_Center: {x: 0, y: 0, z: 0}
--- !u!1 &2925044642175645427
GameObject:
  m_ObjectHideFlags: 0
  m_CorrespondingSourceObject: {fileID: 0}
  m_PrefabInstance: {fileID: 0}
  m_PrefabAsset: {fileID: 0}
  serializedVersion: 6
  m_Component:
  - component: {fileID: 2919268591552106673}
  - component: {fileID: 2946682651438833555}
  - component: {fileID: 2936756183389076903}
  - component: {fileID: 6262539224162442535}
  - component: {fileID: 5917547378338046159}
  - component: {fileID: 7855461302151074509}
  m_Layer: 0
  m_Name: flaying_sparrow_enemy_4
  m_TagString: Enemy
  m_Icon: {fileID: 0}
  m_NavMeshLayer: 0
  m_StaticEditorFlags: 0
  m_IsActive: 1
--- !u!4 &2919268591552106673
Transform:
  m_ObjectHideFlags: 0
  m_CorrespondingSourceObject: {fileID: 0}
  m_PrefabInstance: {fileID: 0}
  m_PrefabAsset: {fileID: 0}
  m_GameObject: {fileID: 2925044642175645427}
  m_LocalRotation: {x: 0.000000021855694, y: 0, z: -0, w: 1}
  m_LocalPosition: {x: -15.04, y: 0, z: 0}
  m_LocalScale: {x: 1, y: 1, z: 1}
  m_Children:
  - {fileID: 2926315403195441053}
  - {fileID: 4975771608003325271}
  - {fileID: 5476810407763149953}
  - {fileID: 6667244960925552409}
  m_Father: {fileID: 0}
  m_RootOrder: 0
  m_LocalEulerAnglesHint: {x: 0, y: 0, z: 0}
--- !u!33 &2946682651438833555
MeshFilter:
  m_ObjectHideFlags: 0
  m_CorrespondingSourceObject: {fileID: 0}
  m_PrefabInstance: {fileID: 0}
  m_PrefabAsset: {fileID: 0}
  m_GameObject: {fileID: 2925044642175645427}
  m_Mesh: {fileID: 4300004, guid: 21c6d0bb8170cae4f9d49bb728b3f524, type: 3}
--- !u!23 &2936756183389076903
MeshRenderer:
  m_ObjectHideFlags: 0
  m_CorrespondingSourceObject: {fileID: 0}
  m_PrefabInstance: {fileID: 0}
  m_PrefabAsset: {fileID: 0}
  m_GameObject: {fileID: 2925044642175645427}
  m_Enabled: 1
  m_CastShadows: 1
  m_ReceiveShadows: 1
  m_DynamicOccludee: 1
  m_MotionVectors: 1
  m_LightProbeUsage: 1
  m_ReflectionProbeUsage: 1
  m_RenderingLayerMask: 1
  m_RendererPriority: 0
  m_Materials:
  - {fileID: 2100000, guid: 78944cc85fa085845b84141d319ac0dd, type: 2}
  m_StaticBatchInfo:
    firstSubMesh: 0
    subMeshCount: 0
  m_StaticBatchRoot: {fileID: 0}
  m_ProbeAnchor: {fileID: 0}
  m_LightProbeVolumeOverride: {fileID: 0}
  m_ScaleInLightmap: 1
  m_ReceiveGI: 1
  m_PreserveUVs: 0
  m_IgnoreNormalsForChartDetection: 0
  m_ImportantGI: 0
  m_StitchLightmapSeams: 0
  m_SelectedEditorRenderState: 3
  m_MinimumChartSize: 4
  m_AutoUVMaxDistance: 0.5
  m_AutoUVMaxAngle: 89
  m_LightmapParameters: {fileID: 0}
  m_SortingLayerID: 0
  m_SortingLayer: 0
  m_SortingOrder: 0
--- !u!114 &6262539224162442535
MonoBehaviour:
  m_ObjectHideFlags: 0
  m_CorrespondingSourceObject: {fileID: 0}
  m_PrefabInstance: {fileID: 0}
  m_PrefabAsset: {fileID: 0}
  m_GameObject: {fileID: 2925044642175645427}
  m_Enabled: 1
  m_EditorHideFlags: 0
  m_Script: {fileID: 11500000, guid: 565958b5101f3c54cb8958a41e7d2ce9, type: 3}
  m_Name: 
  m_EditorClassIdentifier: 
  target: {fileID: 0}
  gm: {fileID: 0}
  isActive: 0
  animator: {fileID: 0}
--- !u!54 &5917547378338046159
Rigidbody:
  m_ObjectHideFlags: 0
  m_CorrespondingSourceObject: {fileID: 0}
  m_PrefabInstance: {fileID: 0}
  m_PrefabAsset: {fileID: 0}
  m_GameObject: {fileID: 2925044642175645427}
  serializedVersion: 2
  m_Mass: 1
  m_Drag: 0
  m_AngularDrag: 0.05
  m_UseGravity: 0
  m_IsKinematic: 0
  m_Interpolate: 0
  m_Constraints: 0
  m_CollisionDetection: 0
--- !u!65 &7855461302151074509
BoxCollider:
  m_ObjectHideFlags: 0
  m_CorrespondingSourceObject: {fileID: 0}
  m_PrefabInstance: {fileID: 0}
  m_PrefabAsset: {fileID: 0}
  m_GameObject: {fileID: 2925044642175645427}
  m_Material: {fileID: 0}
  m_IsTrigger: 0
  m_Enabled: 1
  serializedVersion: 2
  m_Size: {x: 9.865558, y: 4.241986, z: 11.309124}
  m_Center: {x: 0.00000047683716, y: -0.000006198883, z: -0.0000011920929}
--- !u!1001 &4871527574718907132
PrefabInstance:
  m_ObjectHideFlags: 0
  serializedVersion: 2
  m_Modification:
    m_TransformParent: {fileID: 2919268591552106673}
    m_Modifications:
    - target: {fileID: 474665143576768430, guid: 58e4c53385ccb884182a347f8a5ffb8c,
        type: 3}
      propertyPath: m_Name
      value: Smoke
      objectReference: {fileID: 0}
    - target: {fileID: 474665143576768427, guid: 58e4c53385ccb884182a347f8a5ffb8c,
        type: 3}
      propertyPath: m_LocalPosition.x
      value: -0.03
      objectReference: {fileID: 0}
    - target: {fileID: 474665143576768427, guid: 58e4c53385ccb884182a347f8a5ffb8c,
        type: 3}
      propertyPath: m_LocalPosition.y
      value: -0.51
      objectReference: {fileID: 0}
    - target: {fileID: 474665143576768427, guid: 58e4c53385ccb884182a347f8a5ffb8c,
        type: 3}
      propertyPath: m_LocalPosition.z
      value: -6.96
      objectReference: {fileID: 0}
    - target: {fileID: 474665143576768427, guid: 58e4c53385ccb884182a347f8a5ffb8c,
        type: 3}
      propertyPath: m_LocalRotation.x
      value: 0
      objectReference: {fileID: 0}
    - target: {fileID: 474665143576768427, guid: 58e4c53385ccb884182a347f8a5ffb8c,
        type: 3}
      propertyPath: m_LocalRotation.y
      value: 1
      objectReference: {fileID: 0}
    - target: {fileID: 474665143576768427, guid: 58e4c53385ccb884182a347f8a5ffb8c,
        type: 3}
      propertyPath: m_LocalRotation.z
      value: 0
      objectReference: {fileID: 0}
    - target: {fileID: 474665143576768427, guid: 58e4c53385ccb884182a347f8a5ffb8c,
        type: 3}
      propertyPath: m_LocalRotation.w
      value: 0
      objectReference: {fileID: 0}
    - target: {fileID: 474665143576768427, guid: 58e4c53385ccb884182a347f8a5ffb8c,
        type: 3}
      propertyPath: m_RootOrder
      value: 1
      objectReference: {fileID: 0}
    - target: {fileID: 474665143576768427, guid: 58e4c53385ccb884182a347f8a5ffb8c,
        type: 3}
      propertyPath: m_LocalEulerAnglesHint.x
      value: 0
      objectReference: {fileID: 0}
    - target: {fileID: 474665143576768427, guid: 58e4c53385ccb884182a347f8a5ffb8c,
        type: 3}
      propertyPath: m_LocalEulerAnglesHint.y
      value: 180
      objectReference: {fileID: 0}
    - target: {fileID: 474665143576768427, guid: 58e4c53385ccb884182a347f8a5ffb8c,
        type: 3}
      propertyPath: m_LocalEulerAnglesHint.z
      value: 0
      objectReference: {fileID: 0}
    m_RemovedComponents: []
  m_SourcePrefab: {fileID: 100100000, guid: 58e4c53385ccb884182a347f8a5ffb8c, type: 3}
--- !u!4 &4975771608003325271 stripped
Transform:
  m_CorrespondingSourceObject: {fileID: 474665143576768427, guid: 58e4c53385ccb884182a347f8a5ffb8c,
    type: 3}
  m_PrefabInstance: {fileID: 4871527574718907132}
  m_PrefabAsset: {fileID: 0}
--- !u!1001 &5374997100545551146
PrefabInstance:
  m_ObjectHideFlags: 0
  serializedVersion: 2
  m_Modification:
    m_TransformParent: {fileID: 2919268591552106673}
    m_Modifications:
    - target: {fileID: 474665143576768430, guid: 58e4c53385ccb884182a347f8a5ffb8c,
        type: 3}
      propertyPath: m_Name
      value: Smoke (1)
      objectReference: {fileID: 0}
    - target: {fileID: 474665143576768427, guid: 58e4c53385ccb884182a347f8a5ffb8c,
        type: 3}
      propertyPath: m_LocalPosition.x
      value: -2.26
      objectReference: {fileID: 0}
    - target: {fileID: 474665143576768427, guid: 58e4c53385ccb884182a347f8a5ffb8c,
        type: 3}
      propertyPath: m_LocalPosition.y
      value: -1.46
      objectReference: {fileID: 0}
    - target: {fileID: 474665143576768427, guid: 58e4c53385ccb884182a347f8a5ffb8c,
        type: 3}
      propertyPath: m_LocalPosition.z
      value: -5.58
      objectReference: {fileID: 0}
    - target: {fileID: 474665143576768427, guid: 58e4c53385ccb884182a347f8a5ffb8c,
        type: 3}
      propertyPath: m_LocalRotation.x
      value: -0
      objectReference: {fileID: 0}
    - target: {fileID: 474665143576768427, guid: 58e4c53385ccb884182a347f8a5ffb8c,
        type: 3}
      propertyPath: m_LocalRotation.y
      value: 1
      objectReference: {fileID: 0}
    - target: {fileID: 474665143576768427, guid: 58e4c53385ccb884182a347f8a5ffb8c,
        type: 3}
      propertyPath: m_LocalRotation.z
      value: -0
      objectReference: {fileID: 0}
    - target: {fileID: 474665143576768427, guid: 58e4c53385ccb884182a347f8a5ffb8c,
        type: 3}
      propertyPath: m_LocalRotation.w
      value: 0
      objectReference: {fileID: 0}
    - target: {fileID: 474665143576768427, guid: 58e4c53385ccb884182a347f8a5ffb8c,
        type: 3}
      propertyPath: m_RootOrder
      value: 2
      objectReference: {fileID: 0}
    - target: {fileID: 474665143576768427, guid: 58e4c53385ccb884182a347f8a5ffb8c,
        type: 3}
      propertyPath: m_LocalEulerAnglesHint.x
      value: 0
      objectReference: {fileID: 0}
    - target: {fileID: 474665143576768427, guid: 58e4c53385ccb884182a347f8a5ffb8c,
        type: 3}
      propertyPath: m_LocalEulerAnglesHint.y
      value: 180
      objectReference: {fileID: 0}
    - target: {fileID: 474665143576768427, guid: 58e4c53385ccb884182a347f8a5ffb8c,
        type: 3}
      propertyPath: m_LocalEulerAnglesHint.z
      value: 0
      objectReference: {fileID: 0}
    - target: {fileID: 474665143576768424, guid: 58e4c53385ccb884182a347f8a5ffb8c,
        type: 3}
      propertyPath: ShapeModule.radius.value
      value: 0.3
      objectReference: {fileID: 0}
    - target: {fileID: 474665143576768425, guid: 58e4c53385ccb884182a347f8a5ffb8c,
        type: 3}
      propertyPath: m_MaxParticleSize
      value: 0.05
      objectReference: {fileID: 0}
    m_RemovedComponents: []
  m_SourcePrefab: {fileID: 100100000, guid: 58e4c53385ccb884182a347f8a5ffb8c, type: 3}
--- !u!4 &5476810407763149953 stripped
Transform:
  m_CorrespondingSourceObject: {fileID: 474665143576768427, guid: 58e4c53385ccb884182a347f8a5ffb8c,
    type: 3}
  m_PrefabInstance: {fileID: 5374997100545551146}
  m_PrefabAsset: {fileID: 0}
--- !u!1001 &6489852647994826930
PrefabInstance:
  m_ObjectHideFlags: 0
  serializedVersion: 2
  m_Modification:
    m_TransformParent: {fileID: 2919268591552106673}
    m_Modifications:
    - target: {fileID: 474665143576768430, guid: 58e4c53385ccb884182a347f8a5ffb8c,
        type: 3}
      propertyPath: m_Name
      value: Smoke (2)
      objectReference: {fileID: 0}
    - target: {fileID: 474665143576768427, guid: 58e4c53385ccb884182a347f8a5ffb8c,
        type: 3}
      propertyPath: m_LocalPosition.x
      value: 2.15
      objectReference: {fileID: 0}
    - target: {fileID: 474665143576768427, guid: 58e4c53385ccb884182a347f8a5ffb8c,
        type: 3}
      propertyPath: m_LocalPosition.y
      value: -1.46
      objectReference: {fileID: 0}
    - target: {fileID: 474665143576768427, guid: 58e4c53385ccb884182a347f8a5ffb8c,
        type: 3}
      propertyPath: m_LocalPosition.z
      value: -5.58
      objectReference: {fileID: 0}
    - target: {fileID: 474665143576768427, guid: 58e4c53385ccb884182a347f8a5ffb8c,
        type: 3}
      propertyPath: m_LocalRotation.x
      value: -0
      objectReference: {fileID: 0}
    - target: {fileID: 474665143576768427, guid: 58e4c53385ccb884182a347f8a5ffb8c,
        type: 3}
      propertyPath: m_LocalRotation.y
      value: 1
      objectReference: {fileID: 0}
    - target: {fileID: 474665143576768427, guid: 58e4c53385ccb884182a347f8a5ffb8c,
        type: 3}
      propertyPath: m_LocalRotation.z
      value: -0
      objectReference: {fileID: 0}
    - target: {fileID: 474665143576768427, guid: 58e4c53385ccb884182a347f8a5ffb8c,
        type: 3}
      propertyPath: m_LocalRotation.w
      value: 0
      objectReference: {fileID: 0}
    - target: {fileID: 474665143576768427, guid: 58e4c53385ccb884182a347f8a5ffb8c,
        type: 3}
      propertyPath: m_RootOrder
      value: 3
      objectReference: {fileID: 0}
    - target: {fileID: 474665143576768427, guid: 58e4c53385ccb884182a347f8a5ffb8c,
        type: 3}
      propertyPath: m_LocalEulerAnglesHint.x
      value: 0
      objectReference: {fileID: 0}
    - target: {fileID: 474665143576768427, guid: 58e4c53385ccb884182a347f8a5ffb8c,
        type: 3}
      propertyPath: m_LocalEulerAnglesHint.y
      value: 180
      objectReference: {fileID: 0}
    - target: {fileID: 474665143576768427, guid: 58e4c53385ccb884182a347f8a5ffb8c,
        type: 3}
      propertyPath: m_LocalEulerAnglesHint.z
      value: 0
      objectReference: {fileID: 0}
    - target: {fileID: 474665143576768424, guid: 58e4c53385ccb884182a347f8a5ffb8c,
        type: 3}
      propertyPath: ShapeModule.radius.value
      value: 0.3
      objectReference: {fileID: 0}
    - target: {fileID: 474665143576768425, guid: 58e4c53385ccb884182a347f8a5ffb8c,
        type: 3}
      propertyPath: m_MaxParticleSize
      value: 0.05
      objectReference: {fileID: 0}
    m_RemovedComponents: []
  m_SourcePrefab: {fileID: 100100000, guid: 58e4c53385ccb884182a347f8a5ffb8c, type: 3}
--- !u!4 &6667244960925552409 stripped
Transform:
  m_CorrespondingSourceObject: {fileID: 474665143576768427, guid: 58e4c53385ccb884182a347f8a5ffb8c,
    type: 3}
  m_PrefabInstance: {fileID: 6489852647994826930}
  m_PrefabAsset: {fileID: 0}
