%YAML 1.1
%TAG !u! tag:unity3d.com,2011:
--- !u!1 &6615528395683585566
GameObject:
  m_ObjectHideFlags: 0
  m_CorrespondingSourceObject: {fileID: 0}
  m_PrefabInstance: {fileID: 0}
  m_PrefabAsset: {fileID: 0}
  serializedVersion: 6
  m_Component:
  - component: {fileID: 6615528395683809204}
  - component: {fileID: 6615528395680455494}
  - component: {fileID: 6615528395681574928}
  m_Layer: 0
  m_Name: Default
  m_TagString: Untagged
  m_Icon: {fileID: 0}
  m_NavMeshLayer: 0
  m_StaticEditorFlags: 0
  m_IsActive: 1
--- !u!4 &6615528395683809204
Transform:
  m_ObjectHideFlags: 0
  m_CorrespondingSourceObject: {fileID: 0}
  m_PrefabInstance: {fileID: 0}
  m_PrefabAsset: {fileID: 0}
  m_GameObject: {fileID: 6615528395683585566}
  m_LocalRotation: {x: 0, y: 0, z: 0, w: 1}
  m_LocalPosition: {x: 0, y: 0, z: 0}
  m_LocalScale: {x: 1, y: 1, z: 1}
  m_Children: []
  m_Father: {fileID: 6615528395683904006}
  m_RootOrder: 0
  m_LocalEulerAnglesHint: {x: 0, y: 0, z: 0}
--- !u!33 &6615528395680455494
MeshFilter:
  m_ObjectHideFlags: 0
  m_CorrespondingSourceObject: {fileID: 0}
  m_PrefabInstance: {fileID: 0}
  m_PrefabAsset: {fileID: 0}
  m_GameObject: {fileID: 6615528395683585566}
  m_Mesh: {fileID: 4300000, guid: 3fbde013fc1ae0a45a2afb111678bdee, type: 3}
--- !u!23 &6615528395681574928
MeshRenderer:
  m_ObjectHideFlags: 0
  m_CorrespondingSourceObject: {fileID: 0}
  m_PrefabInstance: {fileID: 0}
  m_PrefabAsset: {fileID: 0}
  m_GameObject: {fileID: 6615528395683585566}
  m_Enabled: 1
  m_CastShadows: 1
  m_ReceiveShadows: 0
  m_DynamicOccludee: 1
  m_MotionVectors: 1
  m_LightProbeUsage: 1
  m_ReflectionProbeUsage: 1
  m_RenderingLayerMask: 1
  m_RendererPriority: 0
  m_Materials:
  - {fileID: 2100000, guid: 234d49fc54c4a9244991469d9b70eb97, type: 2}
  m_StaticBatchInfo:
    firstSubMesh: 0
    subMeshCount: 0
  m_StaticBatchRoot: {fileID: 0}
  m_ProbeAnchor: {fileID: 0}
  m_LightProbeVolumeOverride: {fileID: 0}
  m_ScaleInLightmap: 1
  m_ReceiveGI: 1
  m_PreserveUVs: 0
  m_IgnoreNormalsForChartDetection: 0
  m_ImportantGI: 0
  m_StitchLightmapSeams: 1
  m_SelectedEditorRenderState: 3
  m_MinimumChartSize: 4
  m_AutoUVMaxDistance: 0.5
  m_AutoUVMaxAngle: 89
  m_LightmapParameters: {fileID: 0}
  m_SortingLayerID: 0
  m_SortingLayer: 0
  m_SortingOrder: 0
--- !u!1 &6615528395683591784
GameObject:
  m_ObjectHideFlags: 0
  m_CorrespondingSourceObject: {fileID: 0}
  m_PrefabInstance: {fileID: 0}
  m_PrefabAsset: {fileID: 0}
  serializedVersion: 6
  m_Component:
  - component: {fileID: 6615528395683904006}
  - component: {fileID: 1120427725410610343}
  - component: {fileID: 2432024402884497570}
  - component: {fileID: 8114581603622071897}
  m_Layer: 0
  m_Name: flying_enemy_green
  m_TagString: Enemy
  m_Icon: {fileID: 0}
  m_NavMeshLayer: 0
  m_StaticEditorFlags: 0
  m_IsActive: 1
--- !u!4 &6615528395683904006
Transform:
  m_ObjectHideFlags: 0
  m_CorrespondingSourceObject: {fileID: 0}
  m_PrefabInstance: {fileID: 0}
  m_PrefabAsset: {fileID: 0}
  m_GameObject: {fileID: 6615528395683591784}
  m_LocalRotation: {x: 0, y: 0, z: 0, w: 1}
  m_LocalPosition: {x: 11.75, y: 1.32, z: 0}
  m_LocalScale: {x: 6, y: 6, z: 6}
  m_Children:
  - {fileID: 6615528395683809204}
  - {fileID: 487122370468574594}
  m_Father: {fileID: 0}
  m_RootOrder: 0
  m_LocalEulerAnglesHint: {x: 0, y: 0, z: 0}
--- !u!54 &1120427725410610343
Rigidbody:
  m_ObjectHideFlags: 0
  m_CorrespondingSourceObject: {fileID: 0}
  m_PrefabInstance: {fileID: 0}
  m_PrefabAsset: {fileID: 0}
  m_GameObject: {fileID: 6615528395683591784}
  serializedVersion: 2
  m_Mass: 1
  m_Drag: 0
  m_AngularDrag: 0.05
  m_UseGravity: 0
  m_IsKinematic: 0
  m_Interpolate: 0
  m_Constraints: 0
  m_CollisionDetection: 0
--- !u!114 &2432024402884497570
MonoBehaviour:
  m_ObjectHideFlags: 0
  m_CorrespondingSourceObject: {fileID: 0}
  m_PrefabInstance: {fileID: 0}
  m_PrefabAsset: {fileID: 0}
  m_GameObject: {fileID: 6615528395683591784}
  m_Enabled: 1
  m_EditorHideFlags: 0
  m_Script: {fileID: 11500000, guid: 565958b5101f3c54cb8958a41e7d2ce9, type: 3}
  m_Name: 
  m_EditorClassIdentifier: 
  target: {fileID: 0}
  gm: {fileID: 0}
  isActive: 0
  animator: {fileID: 0}
--- !u!65 &8114581603622071897
BoxCollider:
  m_ObjectHideFlags: 0
  m_CorrespondingSourceObject: {fileID: 0}
  m_PrefabInstance: {fileID: 0}
  m_PrefabAsset: {fileID: 0}
  m_GameObject: {fileID: 6615528395683591784}
  m_Material: {fileID: 0}
  m_IsTrigger: 0
  m_Enabled: 1
  serializedVersion: 2
  m_Size: {x: 1.8816475, y: 0.23527817, z: 2.4085195}
  m_Center: {x: 0.033783756, y: 0.0036012232, z: -0.116313145}
--- !u!1001 &23857589507578409
PrefabInstance:
  m_ObjectHideFlags: 0
  serializedVersion: 2
  m_Modification:
    m_TransformParent: {fileID: 6615528395683904006}
    m_Modifications:
    - target: {fileID: 474665143576768430, guid: 58e4c53385ccb884182a347f8a5ffb8c,
        type: 3}
      propertyPath: m_Name
      value: Smoke
      objectReference: {fileID: 0}
    - target: {fileID: 474665143576768427, guid: 58e4c53385ccb884182a347f8a5ffb8c,
        type: 3}
      propertyPath: m_LocalPosition.x
      value: 0.024
      objectReference: {fileID: 0}
    - target: {fileID: 474665143576768427, guid: 58e4c53385ccb884182a347f8a5ffb8c,
        type: 3}
      propertyPath: m_LocalPosition.y
      value: -0.014
      objectReference: {fileID: 0}
    - target: {fileID: 474665143576768427, guid: 58e4c53385ccb884182a347f8a5ffb8c,
        type: 3}
      propertyPath: m_LocalPosition.z
      value: 1.2390001
      objectReference: {fileID: 0}
    - target: {fileID: 474665143576768427, guid: 58e4c53385ccb884182a347f8a5ffb8c,
        type: 3}
      propertyPath: m_LocalRotation.x
      value: 0
      objectReference: {fileID: 0}
    - target: {fileID: 474665143576768427, guid: 58e4c53385ccb884182a347f8a5ffb8c,
        type: 3}
      propertyPath: m_LocalRotation.y
      value: 0
      objectReference: {fileID: 0}
    - target: {fileID: 474665143576768427, guid: 58e4c53385ccb884182a347f8a5ffb8c,
        type: 3}
      propertyPath: m_LocalRotation.z
      value: 0
      objectReference: {fileID: 0}
    - target: {fileID: 474665143576768427, guid: 58e4c53385ccb884182a347f8a5ffb8c,
        type: 3}
      propertyPath: m_LocalRotation.w
      value: 1
      objectReference: {fileID: 0}
    - target: {fileID: 474665143576768427, guid: 58e4c53385ccb884182a347f8a5ffb8c,
        type: 3}
      propertyPath: m_RootOrder
      value: 1
      objectReference: {fileID: 0}
    - target: {fileID: 474665143576768427, guid: 58e4c53385ccb884182a347f8a5ffb8c,
        type: 3}
      propertyPath: m_LocalEulerAnglesHint.x
      value: 0
      objectReference: {fileID: 0}
    - target: {fileID: 474665143576768427, guid: 58e4c53385ccb884182a347f8a5ffb8c,
        type: 3}
      propertyPath: m_LocalEulerAnglesHint.y
      value: 0
      objectReference: {fileID: 0}
    - target: {fileID: 474665143576768427, guid: 58e4c53385ccb884182a347f8a5ffb8c,
        type: 3}
      propertyPath: m_LocalEulerAnglesHint.z
      value: 0
      objectReference: {fileID: 0}
    - target: {fileID: 474665143576768427, guid: 58e4c53385ccb884182a347f8a5ffb8c,
        type: 3}
      propertyPath: m_LocalScale.x
      value: 0.16666667
      objectReference: {fileID: 0}
    - target: {fileID: 474665143576768427, guid: 58e4c53385ccb884182a347f8a5ffb8c,
        type: 3}
      propertyPath: m_LocalScale.y
      value: 0.034706667
      objectReference: {fileID: 0}
    - target: {fileID: 474665143576768427, guid: 58e4c53385ccb884182a347f8a5ffb8c,
        type: 3}
      propertyPath: m_LocalScale.z
      value: 1.4970701
      objectReference: {fileID: 0}
    - target: {fileID: 474665143576768424, guid: 58e4c53385ccb884182a347f8a5ffb8c,
        type: 3}
      propertyPath: ShapeModule.radius.value
      value: 2
      objectReference: {fileID: 0}
    - target: {fileID: 474665143576768424, guid: 58e4c53385ccb884182a347f8a5ffb8c,
        type: 3}
      propertyPath: InitialModule.startColor.maxColor.r
      value: 1
      objectReference: {fileID: 0}
    - target: {fileID: 474665143576768424, guid: 58e4c53385ccb884182a347f8a5ffb8c,
        type: 3}
      propertyPath: InitialModule.startColor.maxColor.g
      value: 1
      objectReference: {fileID: 0}
    - target: {fileID: 474665143576768424, guid: 58e4c53385ccb884182a347f8a5ffb8c,
        type: 3}
      propertyPath: InitialModule.startColor.maxColor.b
      value: 1
      objectReference: {fileID: 0}
    - target: {fileID: 474665143576768424, guid: 58e4c53385ccb884182a347f8a5ffb8c,
        type: 3}
      propertyPath: InitialModule.startLifetime.scalar
      value: 2
      objectReference: {fileID: 0}
    - target: {fileID: 474665143576768424, guid: 58e4c53385ccb884182a347f8a5ffb8c,
        type: 3}
      propertyPath: InitialModule.startSpeed.scalar
      value: 2
      objectReference: {fileID: 0}
    m_RemovedComponents: []
  m_SourcePrefab: {fileID: 100100000, guid: 58e4c53385ccb884182a347f8a5ffb8c, type: 3}
--- !u!4 &487122370468574594 stripped
Transform:
  m_CorrespondingSourceObject: {fileID: 474665143576768427, guid: 58e4c53385ccb884182a347f8a5ffb8c,
    type: 3}
  m_PrefabInstance: {fileID: 23857589507578409}
  m_PrefabAsset: {fileID: 0}
