%YAML 1.1
%TAG !u! tag:unity3d.com,2011:
--- !u!1 &4513757047490841553
GameObject:
  m_ObjectHideFlags: 0
  m_CorrespondingSourceObject: {fileID: 0}
  m_PrefabInstance: {fileID: 0}
  m_PrefabAsset: {fileID: 0}
  serializedVersion: 6
  m_Component:
  - component: {fileID: 4513757047490841550}
  m_Layer: 0
  m_Name: floor
  m_TagString: Untagged
  m_Icon: {fileID: 0}
  m_NavMeshLayer: 0
  m_StaticEditorFlags: 0
  m_IsActive: 1
--- !u!4 &4513757047490841550
Transform:
  m_ObjectHideFlags: 0
  m_CorrespondingSourceObject: {fileID: 0}
  m_PrefabInstance: {fileID: 0}
  m_PrefabAsset: {fileID: 0}
  m_GameObject: {fileID: 4513757047490841553}
  m_LocalRotation: {x: 0, y: 0, z: 0, w: 1}
  m_LocalPosition: {x: 0, y: 0, z: 0}
  m_LocalScale: {x: 1, y: 1, z: 1}
  m_Children:
  - {fileID: 3443435916205676309}
  - {fileID: 4513757047775621798}
  - {fileID: 3189079181536634700}
  - {fileID: 7164462556859371154}
  m_Father: {fileID: 4513757048137940528}
  m_RootOrder: 0
  m_LocalEulerAnglesHint: {x: 0, y: 0, z: 0}
--- !u!1 &4513757047683901625
GameObject:
  m_ObjectHideFlags: 0
  m_CorrespondingSourceObject: {fileID: 0}
  m_PrefabInstance: {fileID: 0}
  m_PrefabAsset: {fileID: 0}
  serializedVersion: 6
  m_Component:
  - component: {fileID: 4513757047683901622}
  m_Layer: 0
  m_Name: inner
  m_TagString: Untagged
  m_Icon: {fileID: 0}
  m_NavMeshLayer: 0
  m_StaticEditorFlags: 0
  m_IsActive: 1
--- !u!4 &4513757047683901622
Transform:
  m_ObjectHideFlags: 0
  m_CorrespondingSourceObject: {fileID: 0}
  m_PrefabInstance: {fileID: 0}
  m_PrefabAsset: {fileID: 0}
  m_GameObject: {fileID: 4513757047683901625}
  m_LocalRotation: {x: -0, y: -0, z: -0, w: 1}
  m_LocalPosition: {x: 0, y: 0, z: 0}
  m_LocalScale: {x: 1, y: 1, z: 1}
  m_Children:
  - {fileID: 4513757047700929164}
  - {fileID: 1046434254755813860}
  - {fileID: 3283500646265377242}
  - {fileID: 5456892532785757736}
  m_Father: {fileID: 4513757048137940528}
  m_RootOrder: 3
  m_LocalEulerAnglesHint: {x: 0, y: 0, z: 0}
--- !u!1 &4513757047898680609
GameObject:
  m_ObjectHideFlags: 0
  m_CorrespondingSourceObject: {fileID: 0}
  m_PrefabInstance: {fileID: 0}
  m_PrefabAsset: {fileID: 0}
  serializedVersion: 6
  m_Component:
  - component: {fileID: 4513757047898680798}
  m_Layer: 0
  m_Name: ceeling
  m_TagString: Untagged
  m_Icon: {fileID: 0}
  m_NavMeshLayer: 0
  m_StaticEditorFlags: 0
  m_IsActive: 1
--- !u!4 &4513757047898680798
Transform:
  m_ObjectHideFlags: 0
  m_CorrespondingSourceObject: {fileID: 0}
  m_PrefabInstance: {fileID: 0}
  m_PrefabAsset: {fileID: 0}
  m_GameObject: {fileID: 4513757047898680609}
  m_LocalRotation: {x: -0, y: -0, z: -0, w: 1}
  m_LocalPosition: {x: 0, y: 0, z: 0}
  m_LocalScale: {x: 1, y: 1, z: 1}
  m_Children:
  - {fileID: 591875217440436305}
  m_Father: {fileID: 4513757048137940528}
  m_RootOrder: 2
  m_LocalEulerAnglesHint: {x: 0, y: 0, z: 0}
--- !u!1 &4513757048117617483
GameObject:
  m_ObjectHideFlags: 0
  m_CorrespondingSourceObject: {fileID: 0}
  m_PrefabInstance: {fileID: 0}
  m_PrefabAsset: {fileID: 0}
  serializedVersion: 6
  m_Component:
  - component: {fileID: 4513757048117617480}
  m_Layer: 0
  m_Name: walls
  m_TagString: Untagged
  m_Icon: {fileID: 0}
  m_NavMeshLayer: 0
  m_StaticEditorFlags: 0
  m_IsActive: 1
--- !u!4 &4513757048117617480
Transform:
  m_ObjectHideFlags: 0
  m_CorrespondingSourceObject: {fileID: 0}
  m_PrefabInstance: {fileID: 0}
  m_PrefabAsset: {fileID: 0}
  m_GameObject: {fileID: 4513757048117617483}
  m_LocalRotation: {x: -0, y: -0, z: -0, w: 1}
  m_LocalPosition: {x: 0, y: 0, z: 0}
  m_LocalScale: {x: 1, y: 1, z: 1}
  m_Children:
  - {fileID: 3405268431546868152}
  - {fileID: 3608788067267648753}
  - {fileID: 2540940083812789629}
  - {fileID: 2800294422568964149}
  - {fileID: 7572869965497111484}
  - {fileID: 2058158411245844047}
  - {fileID: 654292988127854103}
  - {fileID: 903185933701525407}
  - {fileID: 7311088562714379863}
  - {fileID: 1464050847328661423}
  - {fileID: 8368946782293255284}
  - {fileID: 1776211585097075057}
  - {fileID: 5230398003047023804}
  - {fileID: 3996220158577412554}
  - {fileID: 5544471408913901955}
  - {fileID: 5123110111947431979}
  - {fileID: 2069545857323470202}
  m_Father: {fileID: 4513757048137940528}
  m_RootOrder: 1
  m_LocalEulerAnglesHint: {x: 0, y: 0, z: 0}
--- !u!1 &4513757048137940531
GameObject:
  m_ObjectHideFlags: 0
  m_CorrespondingSourceObject: {fileID: 0}
  m_PrefabInstance: {fileID: 0}
  m_PrefabAsset: {fileID: 0}
  serializedVersion: 6
  m_Component:
  - component: {fileID: 4513757048137940528}
  - component: {fileID: 7327013872304253631}
  - component: {fileID: 7970383980967561503}
  - component: {fileID: 7419253114058980630}
  - component: {fileID: 8598269091099156010}
  - component: {fileID: 2294576697768848696}
  m_Layer: 0
  m_Name: 3d_block
  m_TagString: Untagged
  m_Icon: {fileID: 0}
  m_NavMeshLayer: 0
  m_StaticEditorFlags: 0
  m_IsActive: 1
--- !u!4 &4513757048137940528
Transform:
  m_ObjectHideFlags: 0
  m_CorrespondingSourceObject: {fileID: 0}
  m_PrefabInstance: {fileID: 0}
  m_PrefabAsset: {fileID: 0}
  m_GameObject: {fileID: 4513757048137940531}
  m_LocalRotation: {x: 0, y: 0, z: 0, w: 1}
  m_LocalPosition: {x: 0, y: 0, z: 0}
  m_LocalScale: {x: 1, y: 1, z: 1}
  m_Children:
  - {fileID: 4513757047490841550}
  - {fileID: 4513757048117617480}
  - {fileID: 4513757047898680798}
  - {fileID: 4513757047683901622}
  m_Father: {fileID: 0}
  m_RootOrder: 0
  m_LocalEulerAnglesHint: {x: 0, y: 0, z: 0}
--- !u!54 &7327013872304253631
Rigidbody:
  m_ObjectHideFlags: 0
  m_CorrespondingSourceObject: {fileID: 0}
  m_PrefabInstance: {fileID: 0}
  m_PrefabAsset: {fileID: 0}
  m_GameObject: {fileID: 4513757048137940531}
  serializedVersion: 2
  m_Mass: 10
  m_Drag: 0.25
  m_AngularDrag: 0.05
  m_UseGravity: 1
  m_IsKinematic: 0
  m_Interpolate: 0
  m_Constraints: 0
  m_CollisionDetection: 0
--- !u!114 &7970383980967561503
MonoBehaviour:
  m_ObjectHideFlags: 0
  m_CorrespondingSourceObject: {fileID: 0}
  m_PrefabInstance: {fileID: 0}
  m_PrefabAsset: {fileID: 0}
  m_GameObject: {fileID: 4513757048137940531}
  m_Enabled: 1
  m_EditorHideFlags: 0
  m_Script: {fileID: 11500000, guid: 4eda371e5375f454490a86f21559ee38, type: 3}
  m_Name: 
  m_EditorClassIdentifier: 
  Use:
    Filter: 0
    IgnoreStartedOverGui: 1
    RequiredFingerCount: 0
    RequiredMouseButtons: 0
    RequiredSelectable: {fileID: 0}
  Camera: {fileID: 0}
  Dampening: -1
  remainingTranslation: {x: 0, y: 0, z: 0}
--- !u!114 &7419253114058980630
MonoBehaviour:
  m_ObjectHideFlags: 0
  m_CorrespondingSourceObject: {fileID: 0}
  m_PrefabInstance: {fileID: 0}
  m_PrefabAsset: {fileID: 0}
  m_GameObject: {fileID: 4513757048137940531}
  m_Enabled: 1
  m_EditorHideFlags: 0
  m_Script: {fileID: 11500000, guid: dc7c91b26689a054d88448aba6dfe424, type: 3}
  m_Name: 
  m_EditorClassIdentifier: 
  Use:
    Filter: 0
    IgnoreStartedOverGui: 1
    RequiredFingerCount: 0
    RequiredMouseButtons: 0
    RequiredSelectable: {fileID: 0}
  Axis: {x: 0, y: -1, z: 0}
  Space: 1
--- !u!114 &8598269091099156010
MonoBehaviour:
  m_ObjectHideFlags: 0
  m_CorrespondingSourceObject: {fileID: 0}
  m_PrefabInstance: {fileID: 0}
  m_PrefabAsset: {fileID: 0}
  m_GameObject: {fileID: 4513757048137940531}
  m_Enabled: 0
  m_EditorHideFlags: 0
  m_Script: {fileID: 11500000, guid: 52d72cc6210cb7144a24acb7402222a6, type: 3}
  m_Name: 
  m_EditorClassIdentifier: 
  Use:
    Filter: 0
    IgnoreStartedOverGui: 1
    RequiredFingerCount: 0
    RequiredMouseButtons: 0
    RequiredSelectable: {fileID: 0}
  Camera: {fileID: 0}
  Relative: 0
  Dampening: -1
  remainingTranslation: {x: 0, y: 0, z: 0}
  remainingRotation: {x: 0, y: 0, z: 0, w: 1}
--- !u!65 &2294576697768848696
BoxCollider:
  m_ObjectHideFlags: 0
  m_CorrespondingSourceObject: {fileID: 0}
  m_PrefabInstance: {fileID: 0}
  m_PrefabAsset: {fileID: 0}
  m_GameObject: {fileID: 4513757048137940531}
  m_Material: {fileID: 0}
  m_IsTrigger: 0
  m_Enabled: 1
  serializedVersion: 2
  m_Size: {x: 13, y: 8.4, z: 5}
  m_Center: {x: 4, y: 4.2, z: 0}
--- !u!1001 &591875217440275259
PrefabInstance:
  m_ObjectHideFlags: 0
  serializedVersion: 2
  m_Modification:
    m_TransformParent: {fileID: 4513757047898680798}
    m_Modifications:
    - target: {fileID: 135284, guid: a5cd29a93d7ae2d488fa0376d0d08462, type: 3}
      propertyPath: m_Name
      value: glass_panel_1
      objectReference: {fileID: 0}
    - target: {fileID: 428906, guid: a5cd29a93d7ae2d488fa0376d0d08462, type: 3}
      propertyPath: m_LocalPosition.x
      value: 4
      objectReference: {fileID: 0}
    - target: {fileID: 428906, guid: a5cd29a93d7ae2d488fa0376d0d08462, type: 3}
      propertyPath: m_LocalPosition.y
      value: 8
      objectReference: {fileID: 0}
    - target: {fileID: 428906, guid: a5cd29a93d7ae2d488fa0376d0d08462, type: 3}
      propertyPath: m_LocalPosition.z
      value: -2
      objectReference: {fileID: 0}
    - target: {fileID: 428906, guid: a5cd29a93d7ae2d488fa0376d0d08462, type: 3}
      propertyPath: m_LocalRotation.x
      value: 0.7071068
      objectReference: {fileID: 0}
    - target: {fileID: 428906, guid: a5cd29a93d7ae2d488fa0376d0d08462, type: 3}
      propertyPath: m_LocalRotation.y
      value: 0
      objectReference: {fileID: 0}
    - target: {fileID: 428906, guid: a5cd29a93d7ae2d488fa0376d0d08462, type: 3}
      propertyPath: m_LocalRotation.z
      value: 0
      objectReference: {fileID: 0}
    - target: {fileID: 428906, guid: a5cd29a93d7ae2d488fa0376d0d08462, type: 3}
      propertyPath: m_LocalRotation.w
      value: 0.7071068
      objectReference: {fileID: 0}
    - target: {fileID: 428906, guid: a5cd29a93d7ae2d488fa0376d0d08462, type: 3}
      propertyPath: m_RootOrder
      value: 0
      objectReference: {fileID: 0}
    - target: {fileID: 428906, guid: a5cd29a93d7ae2d488fa0376d0d08462, type: 3}
      propertyPath: m_LocalEulerAnglesHint.x
      value: 90
      objectReference: {fileID: 0}
    - target: {fileID: 428906, guid: a5cd29a93d7ae2d488fa0376d0d08462, type: 3}
      propertyPath: m_LocalEulerAnglesHint.y
      value: 0
      objectReference: {fileID: 0}
    - target: {fileID: 428906, guid: a5cd29a93d7ae2d488fa0376d0d08462, type: 3}
      propertyPath: m_LocalEulerAnglesHint.z
      value: 0
      objectReference: {fileID: 0}
    - target: {fileID: 428906, guid: a5cd29a93d7ae2d488fa0376d0d08462, type: 3}
      propertyPath: m_LocalScale.y
      value: 1
      objectReference: {fileID: 0}
    - target: {fileID: 428906, guid: a5cd29a93d7ae2d488fa0376d0d08462, type: 3}
      propertyPath: m_LocalScale.z
      value: 1
      objectReference: {fileID: 0}
    - target: {fileID: 428906, guid: a5cd29a93d7ae2d488fa0376d0d08462, type: 3}
      propertyPath: m_LocalScale.x
      value: 3
      objectReference: {fileID: 0}
    m_RemovedComponents: []
  m_SourcePrefab: {fileID: 100100000, guid: a5cd29a93d7ae2d488fa0376d0d08462, type: 3}
--- !u!4 &591875217440436305 stripped
Transform:
  m_CorrespondingSourceObject: {fileID: 428906, guid: a5cd29a93d7ae2d488fa0376d0d08462,
    type: 3}
  m_PrefabInstance: {fileID: 591875217440275259}
  m_PrefabAsset: {fileID: 0}
--- !u!1001 &654292988127966625
PrefabInstance:
  m_ObjectHideFlags: 0
  serializedVersion: 2
  m_Modification:
    m_TransformParent: {fileID: 4513757048117617480}
    m_Modifications:
    - target: {fileID: 150100, guid: 339299a7e2fdedf47b7788ab1a25c9df, type: 3}
      propertyPath: m_Name
      value: wall_item
      objectReference: {fileID: 0}
    - target: {fileID: 445366, guid: 339299a7e2fdedf47b7788ab1a25c9df, type: 3}
      propertyPath: m_LocalPosition.x
      value: 8
      objectReference: {fileID: 0}
    - target: {fileID: 445366, guid: 339299a7e2fdedf47b7788ab1a25c9df, type: 3}
      propertyPath: m_LocalPosition.y
      value: 0
      objectReference: {fileID: 0}
    - target: {fileID: 445366, guid: 339299a7e2fdedf47b7788ab1a25c9df, type: 3}
      propertyPath: m_LocalPosition.z
      value: 2
      objectReference: {fileID: 0}
    - target: {fileID: 445366, guid: 339299a7e2fdedf47b7788ab1a25c9df, type: 3}
      propertyPath: m_LocalRotation.x
      value: 0
      objectReference: {fileID: 0}
    - target: {fileID: 445366, guid: 339299a7e2fdedf47b7788ab1a25c9df, type: 3}
      propertyPath: m_LocalRotation.y
      value: 0
      objectReference: {fileID: 0}
    - target: {fileID: 445366, guid: 339299a7e2fdedf47b7788ab1a25c9df, type: 3}
      propertyPath: m_LocalRotation.z
      value: 0
      objectReference: {fileID: 0}
    - target: {fileID: 445366, guid: 339299a7e2fdedf47b7788ab1a25c9df, type: 3}
      propertyPath: m_LocalRotation.w
      value: 1
      objectReference: {fileID: 0}
    - target: {fileID: 445366, guid: 339299a7e2fdedf47b7788ab1a25c9df, type: 3}
      propertyPath: m_RootOrder
      value: 6
      objectReference: {fileID: 0}
    - target: {fileID: 445366, guid: 339299a7e2fdedf47b7788ab1a25c9df, type: 3}
      propertyPath: m_LocalEulerAnglesHint.x
      value: 0
      objectReference: {fileID: 0}
    - target: {fileID: 445366, guid: 339299a7e2fdedf47b7788ab1a25c9df, type: 3}
      propertyPath: m_LocalEulerAnglesHint.y
      value: 0
      objectReference: {fileID: 0}
    - target: {fileID: 445366, guid: 339299a7e2fdedf47b7788ab1a25c9df, type: 3}
      propertyPath: m_LocalEulerAnglesHint.z
      value: 0
      objectReference: {fileID: 0}
    m_RemovedComponents: []
  m_SourcePrefab: {fileID: 100100000, guid: 339299a7e2fdedf47b7788ab1a25c9df, type: 3}
--- !u!4 &654292988127854103 stripped
Transform:
  m_CorrespondingSourceObject: {fileID: 445366, guid: 339299a7e2fdedf47b7788ab1a25c9df,
    type: 3}
  m_PrefabInstance: {fileID: 654292988127966625}
  m_PrefabAsset: {fileID: 0}
--- !u!1001 &903185933701973455
PrefabInstance:
  m_ObjectHideFlags: 0
  serializedVersion: 2
  m_Modification:
    m_TransformParent: {fileID: 4513757048117617480}
    m_Modifications:
    - target: {fileID: 127446, guid: 2216270888a4ced48b33b7b5641611e6, type: 3}
      propertyPath: m_Name
      value: wall_item
      objectReference: {fileID: 0}
    - target: {fileID: 469584, guid: 2216270888a4ced48b33b7b5641611e6, type: 3}
      propertyPath: m_LocalPosition.x
      value: 10
      objectReference: {fileID: 0}
    - target: {fileID: 469584, guid: 2216270888a4ced48b33b7b5641611e6, type: 3}
      propertyPath: m_LocalPosition.y
      value: 0
      objectReference: {fileID: 0}
    - target: {fileID: 469584, guid: 2216270888a4ced48b33b7b5641611e6, type: 3}
      propertyPath: m_LocalPosition.z
      value: 0
      objectReference: {fileID: 0}
    - target: {fileID: 469584, guid: 2216270888a4ced48b33b7b5641611e6, type: 3}
      propertyPath: m_LocalRotation.x
      value: 0
      objectReference: {fileID: 0}
    - target: {fileID: 469584, guid: 2216270888a4ced48b33b7b5641611e6, type: 3}
      propertyPath: m_LocalRotation.y
      value: 0.7071068
      objectReference: {fileID: 0}
    - target: {fileID: 469584, guid: 2216270888a4ced48b33b7b5641611e6, type: 3}
      propertyPath: m_LocalRotation.z
      value: 0
      objectReference: {fileID: 0}
    - target: {fileID: 469584, guid: 2216270888a4ced48b33b7b5641611e6, type: 3}
      propertyPath: m_LocalRotation.w
      value: 0.7071068
      objectReference: {fileID: 0}
    - target: {fileID: 469584, guid: 2216270888a4ced48b33b7b5641611e6, type: 3}
      propertyPath: m_RootOrder
      value: 7
      objectReference: {fileID: 0}
    - target: {fileID: 469584, guid: 2216270888a4ced48b33b7b5641611e6, type: 3}
      propertyPath: m_LocalEulerAnglesHint.x
      value: 0
      objectReference: {fileID: 0}
    - target: {fileID: 469584, guid: 2216270888a4ced48b33b7b5641611e6, type: 3}
      propertyPath: m_LocalEulerAnglesHint.y
      value: 90
      objectReference: {fileID: 0}
    - target: {fileID: 469584, guid: 2216270888a4ced48b33b7b5641611e6, type: 3}
      propertyPath: m_LocalEulerAnglesHint.z
      value: 0
      objectReference: {fileID: 0}
    m_RemovedComponents: []
  m_SourcePrefab: {fileID: 100100000, guid: 2216270888a4ced48b33b7b5641611e6, type: 3}
--- !u!4 &903185933701525407 stripped
Transform:
  m_CorrespondingSourceObject: {fileID: 469584, guid: 2216270888a4ced48b33b7b5641611e6,
    type: 3}
  m_PrefabInstance: {fileID: 903185933701973455}
  m_PrefabAsset: {fileID: 0}
--- !u!1001 &1046434254755677028
PrefabInstance:
  m_ObjectHideFlags: 0
  serializedVersion: 2
  m_Modification:
    m_TransformParent: {fileID: 4513757047683901622}
    m_Modifications:
    - target: {fileID: 100000, guid: 1a4d745aad5a4c14ea26a3818a4b4adf, type: 3}
      propertyPath: m_Name
      value: bulletin_board_small
      objectReference: {fileID: 0}
    - target: {fileID: 400000, guid: 1a4d745aad5a4c14ea26a3818a4b4adf, type: 3}
      propertyPath: m_LocalPosition.x
      value: 5
      objectReference: {fileID: 0}
    - target: {fileID: 400000, guid: 1a4d745aad5a4c14ea26a3818a4b4adf, type: 3}
      propertyPath: m_LocalPosition.y
      value: 4.1
      objectReference: {fileID: 0}
    - target: {fileID: 400000, guid: 1a4d745aad5a4c14ea26a3818a4b4adf, type: 3}
      propertyPath: m_LocalPosition.z
      value: -1.2
      objectReference: {fileID: 0}
    - target: {fileID: 400000, guid: 1a4d745aad5a4c14ea26a3818a4b4adf, type: 3}
      propertyPath: m_LocalRotation.x
      value: -0
      objectReference: {fileID: 0}
    - target: {fileID: 400000, guid: 1a4d745aad5a4c14ea26a3818a4b4adf, type: 3}
      propertyPath: m_LocalRotation.y
      value: -0
      objectReference: {fileID: 0}
    - target: {fileID: 400000, guid: 1a4d745aad5a4c14ea26a3818a4b4adf, type: 3}
      propertyPath: m_LocalRotation.z
      value: -0
      objectReference: {fileID: 0}
    - target: {fileID: 400000, guid: 1a4d745aad5a4c14ea26a3818a4b4adf, type: 3}
      propertyPath: m_LocalRotation.w
      value: 1
      objectReference: {fileID: 0}
    - target: {fileID: 400000, guid: 1a4d745aad5a4c14ea26a3818a4b4adf, type: 3}
      propertyPath: m_RootOrder
      value: 1
      objectReference: {fileID: 0}
    - target: {fileID: 400000, guid: 1a4d745aad5a4c14ea26a3818a4b4adf, type: 3}
      propertyPath: m_LocalEulerAnglesHint.x
      value: 0
      objectReference: {fileID: 0}
    - target: {fileID: 400000, guid: 1a4d745aad5a4c14ea26a3818a4b4adf, type: 3}
      propertyPath: m_LocalEulerAnglesHint.y
      value: 0
      objectReference: {fileID: 0}
    - target: {fileID: 400000, guid: 1a4d745aad5a4c14ea26a3818a4b4adf, type: 3}
      propertyPath: m_LocalEulerAnglesHint.z
      value: 0
      objectReference: {fileID: 0}
    m_RemovedComponents: []
  m_SourcePrefab: {fileID: 100100000, guid: 1a4d745aad5a4c14ea26a3818a4b4adf, type: 3}
--- !u!4 &1046434254755813860 stripped
Transform:
  m_CorrespondingSourceObject: {fileID: 400000, guid: 1a4d745aad5a4c14ea26a3818a4b4adf,
    type: 3}
  m_PrefabInstance: {fileID: 1046434254755677028}
  m_PrefabAsset: {fileID: 0}
--- !u!1001 &1464050847328822469
PrefabInstance:
  m_ObjectHideFlags: 0
  serializedVersion: 2
  m_Modification:
    m_TransformParent: {fileID: 4513757048117617480}
    m_Modifications:
    - target: {fileID: 135284, guid: a5cd29a93d7ae2d488fa0376d0d08462, type: 3}
      propertyPath: m_Name
      value: wall_item
      objectReference: {fileID: 0}
    - target: {fileID: 428906, guid: a5cd29a93d7ae2d488fa0376d0d08462, type: 3}
      propertyPath: m_LocalPosition.x
      value: 10
      objectReference: {fileID: 0}
    - target: {fileID: 428906, guid: a5cd29a93d7ae2d488fa0376d0d08462, type: 3}
      propertyPath: m_LocalPosition.y
      value: 4
      objectReference: {fileID: 0}
    - target: {fileID: 428906, guid: a5cd29a93d7ae2d488fa0376d0d08462, type: 3}
      propertyPath: m_LocalPosition.z
      value: 0
      objectReference: {fileID: 0}
    - target: {fileID: 428906, guid: a5cd29a93d7ae2d488fa0376d0d08462, type: 3}
      propertyPath: m_LocalRotation.x
      value: 0
      objectReference: {fileID: 0}
    - target: {fileID: 428906, guid: a5cd29a93d7ae2d488fa0376d0d08462, type: 3}
      propertyPath: m_LocalRotation.y
      value: 0.7071068
      objectReference: {fileID: 0}
    - target: {fileID: 428906, guid: a5cd29a93d7ae2d488fa0376d0d08462, type: 3}
      propertyPath: m_LocalRotation.z
      value: 0
      objectReference: {fileID: 0}
    - target: {fileID: 428906, guid: a5cd29a93d7ae2d488fa0376d0d08462, type: 3}
      propertyPath: m_LocalRotation.w
      value: 0.7071068
      objectReference: {fileID: 0}
    - target: {fileID: 428906, guid: a5cd29a93d7ae2d488fa0376d0d08462, type: 3}
      propertyPath: m_RootOrder
      value: 9
      objectReference: {fileID: 0}
    - target: {fileID: 428906, guid: a5cd29a93d7ae2d488fa0376d0d08462, type: 3}
      propertyPath: m_LocalEulerAnglesHint.x
      value: 0
      objectReference: {fileID: 0}
    - target: {fileID: 428906, guid: a5cd29a93d7ae2d488fa0376d0d08462, type: 3}
      propertyPath: m_LocalEulerAnglesHint.y
      value: 90
      objectReference: {fileID: 0}
    - target: {fileID: 428906, guid: a5cd29a93d7ae2d488fa0376d0d08462, type: 3}
      propertyPath: m_LocalEulerAnglesHint.z
      value: 0
      objectReference: {fileID: 0}
    m_RemovedComponents: []
  m_SourcePrefab: {fileID: 100100000, guid: a5cd29a93d7ae2d488fa0376d0d08462, type: 3}
--- !u!4 &1464050847328661423 stripped
Transform:
  m_CorrespondingSourceObject: {fileID: 428906, guid: a5cd29a93d7ae2d488fa0376d0d08462,
    type: 3}
  m_PrefabInstance: {fileID: 1464050847328822469}
  m_PrefabAsset: {fileID: 0}
--- !u!1001 &1776211585096974875
PrefabInstance:
  m_ObjectHideFlags: 0
  serializedVersion: 2
  m_Modification:
    m_TransformParent: {fileID: 4513757048117617480}
    m_Modifications:
    - target: {fileID: 135284, guid: a5cd29a93d7ae2d488fa0376d0d08462, type: 3}
      propertyPath: m_Name
      value: wall_item
      objectReference: {fileID: 0}
    - target: {fileID: 428906, guid: a5cd29a93d7ae2d488fa0376d0d08462, type: 3}
      propertyPath: m_LocalPosition.x
      value: 4
      objectReference: {fileID: 0}
    - target: {fileID: 428906, guid: a5cd29a93d7ae2d488fa0376d0d08462, type: 3}
      propertyPath: m_LocalPosition.y
      value: 4
      objectReference: {fileID: 0}
    - target: {fileID: 428906, guid: a5cd29a93d7ae2d488fa0376d0d08462, type: 3}
      propertyPath: m_LocalPosition.z
      value: -2
      objectReference: {fileID: 0}
    - target: {fileID: 428906, guid: a5cd29a93d7ae2d488fa0376d0d08462, type: 3}
      propertyPath: m_LocalRotation.x
      value: 0
      objectReference: {fileID: 0}
    - target: {fileID: 428906, guid: a5cd29a93d7ae2d488fa0376d0d08462, type: 3}
      propertyPath: m_LocalRotation.y
      value: 0
      objectReference: {fileID: 0}
    - target: {fileID: 428906, guid: a5cd29a93d7ae2d488fa0376d0d08462, type: 3}
      propertyPath: m_LocalRotation.z
      value: 0
      objectReference: {fileID: 0}
    - target: {fileID: 428906, guid: a5cd29a93d7ae2d488fa0376d0d08462, type: 3}
      propertyPath: m_LocalRotation.w
      value: 1
      objectReference: {fileID: 0}
    - target: {fileID: 428906, guid: a5cd29a93d7ae2d488fa0376d0d08462, type: 3}
      propertyPath: m_RootOrder
      value: 11
      objectReference: {fileID: 0}
    - target: {fileID: 428906, guid: a5cd29a93d7ae2d488fa0376d0d08462, type: 3}
      propertyPath: m_LocalEulerAnglesHint.x
      value: 0
      objectReference: {fileID: 0}
    - target: {fileID: 428906, guid: a5cd29a93d7ae2d488fa0376d0d08462, type: 3}
      propertyPath: m_LocalEulerAnglesHint.y
      value: 0
      objectReference: {fileID: 0}
    - target: {fileID: 428906, guid: a5cd29a93d7ae2d488fa0376d0d08462, type: 3}
      propertyPath: m_LocalEulerAnglesHint.z
      value: 0
      objectReference: {fileID: 0}
    m_RemovedComponents: []
  m_SourcePrefab: {fileID: 100100000, guid: a5cd29a93d7ae2d488fa0376d0d08462, type: 3}
--- !u!4 &1776211585097075057 stripped
Transform:
  m_CorrespondingSourceObject: {fileID: 428906, guid: a5cd29a93d7ae2d488fa0376d0d08462,
    type: 3}
  m_PrefabInstance: {fileID: 1776211585096974875}
  m_PrefabAsset: {fileID: 0}
--- !u!1001 &2058158411245993465
PrefabInstance:
  m_ObjectHideFlags: 0
  serializedVersion: 2
  m_Modification:
    m_TransformParent: {fileID: 4513757048117617480}
    m_Modifications:
    - target: {fileID: 150100, guid: 339299a7e2fdedf47b7788ab1a25c9df, type: 3}
      propertyPath: m_Name
      value: wall_item
      objectReference: {fileID: 0}
    - target: {fileID: 445366, guid: 339299a7e2fdedf47b7788ab1a25c9df, type: 3}
      propertyPath: m_LocalPosition.x
      value: 4
      objectReference: {fileID: 0}
    - target: {fileID: 445366, guid: 339299a7e2fdedf47b7788ab1a25c9df, type: 3}
      propertyPath: m_LocalPosition.y
      value: 0
      objectReference: {fileID: 0}
    - target: {fileID: 445366, guid: 339299a7e2fdedf47b7788ab1a25c9df, type: 3}
      propertyPath: m_LocalPosition.z
      value: 2
      objectReference: {fileID: 0}
    - target: {fileID: 445366, guid: 339299a7e2fdedf47b7788ab1a25c9df, type: 3}
      propertyPath: m_LocalRotation.x
      value: 0
      objectReference: {fileID: 0}
    - target: {fileID: 445366, guid: 339299a7e2fdedf47b7788ab1a25c9df, type: 3}
      propertyPath: m_LocalRotation.y
      value: 0
      objectReference: {fileID: 0}
    - target: {fileID: 445366, guid: 339299a7e2fdedf47b7788ab1a25c9df, type: 3}
      propertyPath: m_LocalRotation.z
      value: 0
      objectReference: {fileID: 0}
    - target: {fileID: 445366, guid: 339299a7e2fdedf47b7788ab1a25c9df, type: 3}
      propertyPath: m_LocalRotation.w
      value: 1
      objectReference: {fileID: 0}
    - target: {fileID: 445366, guid: 339299a7e2fdedf47b7788ab1a25c9df, type: 3}
      propertyPath: m_RootOrder
      value: 5
      objectReference: {fileID: 0}
    - target: {fileID: 445366, guid: 339299a7e2fdedf47b7788ab1a25c9df, type: 3}
      propertyPath: m_LocalEulerAnglesHint.x
      value: 0
      objectReference: {fileID: 0}
    - target: {fileID: 445366, guid: 339299a7e2fdedf47b7788ab1a25c9df, type: 3}
      propertyPath: m_LocalEulerAnglesHint.y
      value: 0
      objectReference: {fileID: 0}
    - target: {fileID: 445366, guid: 339299a7e2fdedf47b7788ab1a25c9df, type: 3}
      propertyPath: m_LocalEulerAnglesHint.z
      value: 0
      objectReference: {fileID: 0}
    m_RemovedComponents: []
  m_SourcePrefab: {fileID: 100100000, guid: 339299a7e2fdedf47b7788ab1a25c9df, type: 3}
--- !u!4 &2058158411245844047 stripped
Transform:
  m_CorrespondingSourceObject: {fileID: 445366, guid: 339299a7e2fdedf47b7788ab1a25c9df,
    type: 3}
  m_PrefabInstance: {fileID: 2058158411245993465}
  m_PrefabAsset: {fileID: 0}
--- !u!1001 &2069545857323280170
PrefabInstance:
  m_ObjectHideFlags: 0
  serializedVersion: 2
  m_Modification:
    m_TransformParent: {fileID: 4513757048117617480}
    m_Modifications:
    - target: {fileID: 127446, guid: 2216270888a4ced48b33b7b5641611e6, type: 3}
      propertyPath: m_Name
      value: wall_item
      objectReference: {fileID: 0}
    - target: {fileID: 469584, guid: 2216270888a4ced48b33b7b5641611e6, type: 3}
      propertyPath: m_LocalPosition.x
      value: 4
      objectReference: {fileID: 0}
    - target: {fileID: 469584, guid: 2216270888a4ced48b33b7b5641611e6, type: 3}
      propertyPath: m_LocalPosition.y
      value: 0
      objectReference: {fileID: 0}
    - target: {fileID: 469584, guid: 2216270888a4ced48b33b7b5641611e6, type: 3}
      propertyPath: m_LocalPosition.z
      value: 0
      objectReference: {fileID: 0}
    - target: {fileID: 469584, guid: 2216270888a4ced48b33b7b5641611e6, type: 3}
      propertyPath: m_LocalRotation.x
      value: 0
      objectReference: {fileID: 0}
    - target: {fileID: 469584, guid: 2216270888a4ced48b33b7b5641611e6, type: 3}
      propertyPath: m_LocalRotation.y
      value: 0.7071068
      objectReference: {fileID: 0}
    - target: {fileID: 469584, guid: 2216270888a4ced48b33b7b5641611e6, type: 3}
      propertyPath: m_LocalRotation.z
      value: -0
      objectReference: {fileID: 0}
    - target: {fileID: 469584, guid: 2216270888a4ced48b33b7b5641611e6, type: 3}
      propertyPath: m_LocalRotation.w
      value: -0.7071068
      objectReference: {fileID: 0}
    - target: {fileID: 469584, guid: 2216270888a4ced48b33b7b5641611e6, type: 3}
      propertyPath: m_RootOrder
      value: 16
      objectReference: {fileID: 0}
    - target: {fileID: 469584, guid: 2216270888a4ced48b33b7b5641611e6, type: 3}
      propertyPath: m_LocalEulerAnglesHint.x
      value: 0
      objectReference: {fileID: 0}
    - target: {fileID: 469584, guid: 2216270888a4ced48b33b7b5641611e6, type: 3}
      propertyPath: m_LocalEulerAnglesHint.y
      value: 270
      objectReference: {fileID: 0}
    - target: {fileID: 469584, guid: 2216270888a4ced48b33b7b5641611e6, type: 3}
      propertyPath: m_LocalEulerAnglesHint.z
      value: 0
      objectReference: {fileID: 0}
    m_RemovedComponents: []
  m_SourcePrefab: {fileID: 100100000, guid: 2216270888a4ced48b33b7b5641611e6, type: 3}
--- !u!4 &2069545857323470202 stripped
Transform:
  m_CorrespondingSourceObject: {fileID: 469584, guid: 2216270888a4ced48b33b7b5641611e6,
    type: 3}
  m_PrefabInstance: {fileID: 2069545857323280170}
  m_PrefabAsset: {fileID: 0}
--- !u!1001 &2540940083812411083
PrefabInstance:
  m_ObjectHideFlags: 0
  serializedVersion: 2
  m_Modification:
    m_TransformParent: {fileID: 4513757048117617480}
    m_Modifications:
    - target: {fileID: 150100, guid: 339299a7e2fdedf47b7788ab1a25c9df, type: 3}
      propertyPath: m_Name
      value: wall_item
      objectReference: {fileID: 0}
    - target: {fileID: 445366, guid: 339299a7e2fdedf47b7788ab1a25c9df, type: 3}
      propertyPath: m_LocalPosition.x
      value: 4
      objectReference: {fileID: 0}
    - target: {fileID: 445366, guid: 339299a7e2fdedf47b7788ab1a25c9df, type: 3}
      propertyPath: m_LocalPosition.y
      value: 0
      objectReference: {fileID: 0}
    - target: {fileID: 445366, guid: 339299a7e2fdedf47b7788ab1a25c9df, type: 3}
      propertyPath: m_LocalPosition.z
      value: -2
      objectReference: {fileID: 0}
    - target: {fileID: 445366, guid: 339299a7e2fdedf47b7788ab1a25c9df, type: 3}
      propertyPath: m_LocalRotation.x
      value: 0
      objectReference: {fileID: 0}
    - target: {fileID: 445366, guid: 339299a7e2fdedf47b7788ab1a25c9df, type: 3}
      propertyPath: m_LocalRotation.y
      value: 1
      objectReference: {fileID: 0}
    - target: {fileID: 445366, guid: 339299a7e2fdedf47b7788ab1a25c9df, type: 3}
      propertyPath: m_LocalRotation.z
      value: 0
      objectReference: {fileID: 0}
    - target: {fileID: 445366, guid: 339299a7e2fdedf47b7788ab1a25c9df, type: 3}
      propertyPath: m_LocalRotation.w
      value: 0
      objectReference: {fileID: 0}
    - target: {fileID: 445366, guid: 339299a7e2fdedf47b7788ab1a25c9df, type: 3}
      propertyPath: m_RootOrder
      value: 2
      objectReference: {fileID: 0}
    - target: {fileID: 445366, guid: 339299a7e2fdedf47b7788ab1a25c9df, type: 3}
      propertyPath: m_LocalEulerAnglesHint.x
      value: 0
      objectReference: {fileID: 0}
    - target: {fileID: 445366, guid: 339299a7e2fdedf47b7788ab1a25c9df, type: 3}
      propertyPath: m_LocalEulerAnglesHint.y
      value: 180
      objectReference: {fileID: 0}
    - target: {fileID: 445366, guid: 339299a7e2fdedf47b7788ab1a25c9df, type: 3}
      propertyPath: m_LocalEulerAnglesHint.z
      value: 0
      objectReference: {fileID: 0}
    m_RemovedComponents: []
  m_SourcePrefab: {fileID: 100100000, guid: 339299a7e2fdedf47b7788ab1a25c9df, type: 3}
--- !u!4 &2540940083812789629 stripped
Transform:
  m_CorrespondingSourceObject: {fileID: 445366, guid: 339299a7e2fdedf47b7788ab1a25c9df,
    type: 3}
  m_PrefabInstance: {fileID: 2540940083812411083}
  m_PrefabAsset: {fileID: 0}
--- !u!1001 &2800294422569147267
PrefabInstance:
  m_ObjectHideFlags: 0
  serializedVersion: 2
  m_Modification:
    m_TransformParent: {fileID: 4513757048117617480}
    m_Modifications:
    - target: {fileID: 150100, guid: 339299a7e2fdedf47b7788ab1a25c9df, type: 3}
      propertyPath: m_Name
      value: wall_item
      objectReference: {fileID: 0}
    - target: {fileID: 445366, guid: 339299a7e2fdedf47b7788ab1a25c9df, type: 3}
      propertyPath: m_LocalPosition.x
      value: 8
      objectReference: {fileID: 0}
    - target: {fileID: 445366, guid: 339299a7e2fdedf47b7788ab1a25c9df, type: 3}
      propertyPath: m_LocalPosition.y
      value: 0
      objectReference: {fileID: 0}
    - target: {fileID: 445366, guid: 339299a7e2fdedf47b7788ab1a25c9df, type: 3}
      propertyPath: m_LocalPosition.z
      value: -2
      objectReference: {fileID: 0}
    - target: {fileID: 445366, guid: 339299a7e2fdedf47b7788ab1a25c9df, type: 3}
      propertyPath: m_LocalRotation.x
      value: 0
      objectReference: {fileID: 0}
    - target: {fileID: 445366, guid: 339299a7e2fdedf47b7788ab1a25c9df, type: 3}
      propertyPath: m_LocalRotation.y
      value: 1
      objectReference: {fileID: 0}
    - target: {fileID: 445366, guid: 339299a7e2fdedf47b7788ab1a25c9df, type: 3}
      propertyPath: m_LocalRotation.z
      value: 0
      objectReference: {fileID: 0}
    - target: {fileID: 445366, guid: 339299a7e2fdedf47b7788ab1a25c9df, type: 3}
      propertyPath: m_LocalRotation.w
      value: 0
      objectReference: {fileID: 0}
    - target: {fileID: 445366, guid: 339299a7e2fdedf47b7788ab1a25c9df, type: 3}
      propertyPath: m_RootOrder
      value: 3
      objectReference: {fileID: 0}
    - target: {fileID: 445366, guid: 339299a7e2fdedf47b7788ab1a25c9df, type: 3}
      propertyPath: m_LocalEulerAnglesHint.x
      value: 0
      objectReference: {fileID: 0}
    - target: {fileID: 445366, guid: 339299a7e2fdedf47b7788ab1a25c9df, type: 3}
      propertyPath: m_LocalEulerAnglesHint.y
      value: 180
      objectReference: {fileID: 0}
    - target: {fileID: 445366, guid: 339299a7e2fdedf47b7788ab1a25c9df, type: 3}
      propertyPath: m_LocalEulerAnglesHint.z
      value: 0
      objectReference: {fileID: 0}
    m_RemovedComponents: []
  m_SourcePrefab: {fileID: 100100000, guid: 339299a7e2fdedf47b7788ab1a25c9df, type: 3}
--- !u!4 &2800294422568964149 stripped
Transform:
  m_CorrespondingSourceObject: {fileID: 445366, guid: 339299a7e2fdedf47b7788ab1a25c9df,
    type: 3}
  m_PrefabInstance: {fileID: 2800294422569147267}
  m_PrefabAsset: {fileID: 0}
--- !u!1001 &3189079181536431692
PrefabInstance:
  m_ObjectHideFlags: 0
  serializedVersion: 2
  m_Modification:
    m_TransformParent: {fileID: 4513757047490841550}
    m_Modifications:
    - target: {fileID: 197360, guid: 3845c7234a0ed4843ba4e38e2404f54d, type: 3}
      propertyPath: m_Name
      value: floor_item
      objectReference: {fileID: 0}
    - target: {fileID: 469248, guid: 3845c7234a0ed4843ba4e38e2404f54d, type: 3}
      propertyPath: m_LocalPosition.x
      value: 8
      objectReference: {fileID: 0}
    - target: {fileID: 469248, guid: 3845c7234a0ed4843ba4e38e2404f54d, type: 3}
      propertyPath: m_LocalPosition.y
      value: 0
      objectReference: {fileID: 0}
    - target: {fileID: 469248, guid: 3845c7234a0ed4843ba4e38e2404f54d, type: 3}
      propertyPath: m_LocalPosition.z
      value: 0
      objectReference: {fileID: 0}
    - target: {fileID: 469248, guid: 3845c7234a0ed4843ba4e38e2404f54d, type: 3}
      propertyPath: m_LocalRotation.x
      value: -0
      objectReference: {fileID: 0}
    - target: {fileID: 469248, guid: 3845c7234a0ed4843ba4e38e2404f54d, type: 3}
      propertyPath: m_LocalRotation.y
      value: -0
      objectReference: {fileID: 0}
    - target: {fileID: 469248, guid: 3845c7234a0ed4843ba4e38e2404f54d, type: 3}
      propertyPath: m_LocalRotation.z
      value: -0
      objectReference: {fileID: 0}
    - target: {fileID: 469248, guid: 3845c7234a0ed4843ba4e38e2404f54d, type: 3}
      propertyPath: m_LocalRotation.w
      value: 1
      objectReference: {fileID: 0}
    - target: {fileID: 469248, guid: 3845c7234a0ed4843ba4e38e2404f54d, type: 3}
      propertyPath: m_RootOrder
      value: 2
      objectReference: {fileID: 0}
    - target: {fileID: 469248, guid: 3845c7234a0ed4843ba4e38e2404f54d, type: 3}
      propertyPath: m_LocalEulerAnglesHint.x
      value: 0
      objectReference: {fileID: 0}
    - target: {fileID: 469248, guid: 3845c7234a0ed4843ba4e38e2404f54d, type: 3}
      propertyPath: m_LocalEulerAnglesHint.y
      value: 0
      objectReference: {fileID: 0}
    - target: {fileID: 469248, guid: 3845c7234a0ed4843ba4e38e2404f54d, type: 3}
      propertyPath: m_LocalEulerAnglesHint.z
      value: 0
      objectReference: {fileID: 0}
    m_RemovedComponents: []
  m_SourcePrefab: {fileID: 100100000, guid: 3845c7234a0ed4843ba4e38e2404f54d, type: 3}
--- !u!4 &3189079181536634700 stripped
Transform:
  m_CorrespondingSourceObject: {fileID: 469248, guid: 3845c7234a0ed4843ba4e38e2404f54d,
    type: 3}
  m_PrefabInstance: {fileID: 3189079181536431692}
  m_PrefabAsset: {fileID: 0}
--- !u!1001 &3283500646265768794
PrefabInstance:
  m_ObjectHideFlags: 0
  serializedVersion: 2
  m_Modification:
    m_TransformParent: {fileID: 4513757047683901622}
    m_Modifications:
    - target: {fileID: 100000, guid: 3bfbdc734e9c13841add85180e90c4c0, type: 3}
      propertyPath: m_Name
      value: art_3
      objectReference: {fileID: 0}
    - target: {fileID: 400000, guid: 3bfbdc734e9c13841add85180e90c4c0, type: 3}
      propertyPath: m_LocalPosition.x
      value: 5
      objectReference: {fileID: 0}
    - target: {fileID: 400000, guid: 3bfbdc734e9c13841add85180e90c4c0, type: 3}
      propertyPath: m_LocalPosition.y
      value: 4.1
      objectReference: {fileID: 0}
    - target: {fileID: 400000, guid: 3bfbdc734e9c13841add85180e90c4c0, type: 3}
      propertyPath: m_LocalPosition.z
      value: 1.2
      objectReference: {fileID: 0}
    - target: {fileID: 400000, guid: 3bfbdc734e9c13841add85180e90c4c0, type: 3}
      propertyPath: m_LocalRotation.x
      value: -0
      objectReference: {fileID: 0}
    - target: {fileID: 400000, guid: 3bfbdc734e9c13841add85180e90c4c0, type: 3}
      propertyPath: m_LocalRotation.y
      value: -0
      objectReference: {fileID: 0}
    - target: {fileID: 400000, guid: 3bfbdc734e9c13841add85180e90c4c0, type: 3}
      propertyPath: m_LocalRotation.z
      value: -0
      objectReference: {fileID: 0}
    - target: {fileID: 400000, guid: 3bfbdc734e9c13841add85180e90c4c0, type: 3}
      propertyPath: m_LocalRotation.w
      value: 1
      objectReference: {fileID: 0}
    - target: {fileID: 400000, guid: 3bfbdc734e9c13841add85180e90c4c0, type: 3}
      propertyPath: m_RootOrder
      value: 2
      objectReference: {fileID: 0}
    - target: {fileID: 400000, guid: 3bfbdc734e9c13841add85180e90c4c0, type: 3}
      propertyPath: m_LocalEulerAnglesHint.x
      value: 0
      objectReference: {fileID: 0}
    - target: {fileID: 400000, guid: 3bfbdc734e9c13841add85180e90c4c0, type: 3}
      propertyPath: m_LocalEulerAnglesHint.y
      value: 0
      objectReference: {fileID: 0}
    - target: {fileID: 400000, guid: 3bfbdc734e9c13841add85180e90c4c0, type: 3}
      propertyPath: m_LocalEulerAnglesHint.z
      value: 0
      objectReference: {fileID: 0}
    - target: {fileID: 400000, guid: 3bfbdc734e9c13841add85180e90c4c0, type: 3}
      propertyPath: m_LocalScale.x
      value: 3
      objectReference: {fileID: 0}
    - target: {fileID: 400000, guid: 3bfbdc734e9c13841add85180e90c4c0, type: 3}
      propertyPath: m_LocalScale.y
      value: 3
      objectReference: {fileID: 0}
    - target: {fileID: 400000, guid: 3bfbdc734e9c13841add85180e90c4c0, type: 3}
      propertyPath: m_LocalScale.z
      value: 3
      objectReference: {fileID: 0}
    m_RemovedComponents: []
  m_SourcePrefab: {fileID: 100100000, guid: 3bfbdc734e9c13841add85180e90c4c0, type: 3}
--- !u!4 &3283500646265377242 stripped
Transform:
  m_CorrespondingSourceObject: {fileID: 400000, guid: 3bfbdc734e9c13841add85180e90c4c0,
    type: 3}
  m_PrefabInstance: {fileID: 3283500646265768794}
  m_PrefabAsset: {fileID: 0}
--- !u!1001 &3405268431546968786
PrefabInstance:
  m_ObjectHideFlags: 0
  serializedVersion: 2
  m_Modification:
    m_TransformParent: {fileID: 4513757048117617480}
    m_Modifications:
    - target: {fileID: 135284, guid: a5cd29a93d7ae2d488fa0376d0d08462, type: 3}
      propertyPath: m_Name
      value: wall_item
      objectReference: {fileID: 0}
    - target: {fileID: 428906, guid: a5cd29a93d7ae2d488fa0376d0d08462, type: 3}
      propertyPath: m_LocalPosition.x
      value: -2
      objectReference: {fileID: 0}
    - target: {fileID: 428906, guid: a5cd29a93d7ae2d488fa0376d0d08462, type: 3}
      propertyPath: m_LocalPosition.y
      value: 0
      objectReference: {fileID: 0}
    - target: {fileID: 428906, guid: a5cd29a93d7ae2d488fa0376d0d08462, type: 3}
      propertyPath: m_LocalPosition.z
      value: 0
      objectReference: {fileID: 0}
    - target: {fileID: 428906, guid: a5cd29a93d7ae2d488fa0376d0d08462, type: 3}
      propertyPath: m_LocalRotation.x
      value: 0
      objectReference: {fileID: 0}
    - target: {fileID: 428906, guid: a5cd29a93d7ae2d488fa0376d0d08462, type: 3}
      propertyPath: m_LocalRotation.y
      value: 0.7071068
      objectReference: {fileID: 0}
    - target: {fileID: 428906, guid: a5cd29a93d7ae2d488fa0376d0d08462, type: 3}
      propertyPath: m_LocalRotation.z
      value: 0
      objectReference: {fileID: 0}
    - target: {fileID: 428906, guid: a5cd29a93d7ae2d488fa0376d0d08462, type: 3}
      propertyPath: m_LocalRotation.w
      value: 0.7071068
      objectReference: {fileID: 0}
    - target: {fileID: 428906, guid: a5cd29a93d7ae2d488fa0376d0d08462, type: 3}
      propertyPath: m_RootOrder
      value: 0
      objectReference: {fileID: 0}
    - target: {fileID: 428906, guid: a5cd29a93d7ae2d488fa0376d0d08462, type: 3}
      propertyPath: m_LocalEulerAnglesHint.x
      value: 0
      objectReference: {fileID: 0}
    - target: {fileID: 428906, guid: a5cd29a93d7ae2d488fa0376d0d08462, type: 3}
      propertyPath: m_LocalEulerAnglesHint.y
      value: 90
      objectReference: {fileID: 0}
    - target: {fileID: 428906, guid: a5cd29a93d7ae2d488fa0376d0d08462, type: 3}
      propertyPath: m_LocalEulerAnglesHint.z
      value: 0
      objectReference: {fileID: 0}
    m_RemovedComponents: []
  m_SourcePrefab: {fileID: 100100000, guid: a5cd29a93d7ae2d488fa0376d0d08462, type: 3}
--- !u!4 &3405268431546868152 stripped
Transform:
  m_CorrespondingSourceObject: {fileID: 428906, guid: a5cd29a93d7ae2d488fa0376d0d08462,
    type: 3}
  m_PrefabInstance: {fileID: 3405268431546968786}
  m_PrefabAsset: {fileID: 0}
--- !u!1001 &3443435916205882901
PrefabInstance:
  m_ObjectHideFlags: 0
  serializedVersion: 2
  m_Modification:
    m_TransformParent: {fileID: 4513757047490841550}
    m_Modifications:
    - target: {fileID: 197360, guid: 3845c7234a0ed4843ba4e38e2404f54d, type: 3}
      propertyPath: m_Name
      value: floor_item
      objectReference: {fileID: 0}
    - target: {fileID: 469248, guid: 3845c7234a0ed4843ba4e38e2404f54d, type: 3}
      propertyPath: m_LocalPosition.x
      value: 4
      objectReference: {fileID: 0}
    - target: {fileID: 469248, guid: 3845c7234a0ed4843ba4e38e2404f54d, type: 3}
      propertyPath: m_LocalPosition.y
      value: 0
      objectReference: {fileID: 0}
    - target: {fileID: 469248, guid: 3845c7234a0ed4843ba4e38e2404f54d, type: 3}
      propertyPath: m_LocalPosition.z
      value: 0
      objectReference: {fileID: 0}
    - target: {fileID: 469248, guid: 3845c7234a0ed4843ba4e38e2404f54d, type: 3}
      propertyPath: m_LocalRotation.x
      value: -0
      objectReference: {fileID: 0}
    - target: {fileID: 469248, guid: 3845c7234a0ed4843ba4e38e2404f54d, type: 3}
      propertyPath: m_LocalRotation.y
      value: -0
      objectReference: {fileID: 0}
    - target: {fileID: 469248, guid: 3845c7234a0ed4843ba4e38e2404f54d, type: 3}
      propertyPath: m_LocalRotation.z
      value: -0
      objectReference: {fileID: 0}
    - target: {fileID: 469248, guid: 3845c7234a0ed4843ba4e38e2404f54d, type: 3}
      propertyPath: m_LocalRotation.w
      value: 1
      objectReference: {fileID: 0}
    - target: {fileID: 469248, guid: 3845c7234a0ed4843ba4e38e2404f54d, type: 3}
      propertyPath: m_RootOrder
      value: 0
      objectReference: {fileID: 0}
    - target: {fileID: 469248, guid: 3845c7234a0ed4843ba4e38e2404f54d, type: 3}
      propertyPath: m_LocalEulerAnglesHint.x
      value: 0
      objectReference: {fileID: 0}
    - target: {fileID: 469248, guid: 3845c7234a0ed4843ba4e38e2404f54d, type: 3}
      propertyPath: m_LocalEulerAnglesHint.y
      value: 0
      objectReference: {fileID: 0}
    - target: {fileID: 469248, guid: 3845c7234a0ed4843ba4e38e2404f54d, type: 3}
      propertyPath: m_LocalEulerAnglesHint.z
      value: 0
      objectReference: {fileID: 0}
    m_RemovedComponents: []
  m_SourcePrefab: {fileID: 100100000, guid: 3845c7234a0ed4843ba4e38e2404f54d, type: 3}
--- !u!4 &3443435916205676309 stripped
Transform:
  m_CorrespondingSourceObject: {fileID: 469248, guid: 3845c7234a0ed4843ba4e38e2404f54d,
    type: 3}
  m_PrefabInstance: {fileID: 3443435916205882901}
  m_PrefabAsset: {fileID: 0}
--- !u!1001 &3608788067268089671
PrefabInstance:
  m_ObjectHideFlags: 0
  serializedVersion: 2
  m_Modification:
    m_TransformParent: {fileID: 4513757048117617480}
    m_Modifications:
    - target: {fileID: 150100, guid: 339299a7e2fdedf47b7788ab1a25c9df, type: 3}
      propertyPath: m_Name
      value: wall_item
      objectReference: {fileID: 0}
    - target: {fileID: 445366, guid: 339299a7e2fdedf47b7788ab1a25c9df, type: 3}
      propertyPath: m_LocalPosition.x
      value: 0
      objectReference: {fileID: 0}
    - target: {fileID: 445366, guid: 339299a7e2fdedf47b7788ab1a25c9df, type: 3}
      propertyPath: m_LocalPosition.y
      value: 0
      objectReference: {fileID: 0}
    - target: {fileID: 445366, guid: 339299a7e2fdedf47b7788ab1a25c9df, type: 3}
      propertyPath: m_LocalPosition.z
      value: -2
      objectReference: {fileID: 0}
    - target: {fileID: 445366, guid: 339299a7e2fdedf47b7788ab1a25c9df, type: 3}
      propertyPath: m_LocalRotation.x
      value: 0
      objectReference: {fileID: 0}
    - target: {fileID: 445366, guid: 339299a7e2fdedf47b7788ab1a25c9df, type: 3}
      propertyPath: m_LocalRotation.y
      value: 1
      objectReference: {fileID: 0}
    - target: {fileID: 445366, guid: 339299a7e2fdedf47b7788ab1a25c9df, type: 3}
      propertyPath: m_LocalRotation.z
      value: 0
      objectReference: {fileID: 0}
    - target: {fileID: 445366, guid: 339299a7e2fdedf47b7788ab1a25c9df, type: 3}
      propertyPath: m_LocalRotation.w
      value: 0
      objectReference: {fileID: 0}
    - target: {fileID: 445366, guid: 339299a7e2fdedf47b7788ab1a25c9df, type: 3}
      propertyPath: m_RootOrder
      value: 1
      objectReference: {fileID: 0}
    - target: {fileID: 445366, guid: 339299a7e2fdedf47b7788ab1a25c9df, type: 3}
      propertyPath: m_LocalEulerAnglesHint.x
      value: 0
      objectReference: {fileID: 0}
    - target: {fileID: 445366, guid: 339299a7e2fdedf47b7788ab1a25c9df, type: 3}
      propertyPath: m_LocalEulerAnglesHint.y
      value: 180
      objectReference: {fileID: 0}
    - target: {fileID: 445366, guid: 339299a7e2fdedf47b7788ab1a25c9df, type: 3}
      propertyPath: m_LocalEulerAnglesHint.z
      value: 0
      objectReference: {fileID: 0}
    m_RemovedComponents: []
  m_SourcePrefab: {fileID: 100100000, guid: 339299a7e2fdedf47b7788ab1a25c9df, type: 3}
--- !u!4 &3608788067267648753 stripped
Transform:
  m_CorrespondingSourceObject: {fileID: 445366, guid: 339299a7e2fdedf47b7788ab1a25c9df,
    type: 3}
  m_PrefabInstance: {fileID: 3608788067268089671}
  m_PrefabAsset: {fileID: 0}
--- !u!1001 &3996220158577574560
PrefabInstance:
  m_ObjectHideFlags: 0
  serializedVersion: 2
  m_Modification:
    m_TransformParent: {fileID: 4513757048117617480}
    m_Modifications:
    - target: {fileID: 135284, guid: a5cd29a93d7ae2d488fa0376d0d08462, type: 3}
      propertyPath: m_Name
      value: wall_item
      objectReference: {fileID: 0}
    - target: {fileID: 428906, guid: a5cd29a93d7ae2d488fa0376d0d08462, type: 3}
      propertyPath: m_LocalPosition.x
      value: 0
      objectReference: {fileID: 0}
    - target: {fileID: 428906, guid: a5cd29a93d7ae2d488fa0376d0d08462, type: 3}
      propertyPath: m_LocalPosition.y
      value: 4
      objectReference: {fileID: 0}
    - target: {fileID: 428906, guid: a5cd29a93d7ae2d488fa0376d0d08462, type: 3}
      propertyPath: m_LocalPosition.z
      value: 2
      objectReference: {fileID: 0}
    - target: {fileID: 428906, guid: a5cd29a93d7ae2d488fa0376d0d08462, type: 3}
      propertyPath: m_LocalRotation.x
      value: 0
      objectReference: {fileID: 0}
    - target: {fileID: 428906, guid: a5cd29a93d7ae2d488fa0376d0d08462, type: 3}
      propertyPath: m_LocalRotation.y
      value: 0
      objectReference: {fileID: 0}
    - target: {fileID: 428906, guid: a5cd29a93d7ae2d488fa0376d0d08462, type: 3}
      propertyPath: m_LocalRotation.z
      value: 0
      objectReference: {fileID: 0}
    - target: {fileID: 428906, guid: a5cd29a93d7ae2d488fa0376d0d08462, type: 3}
      propertyPath: m_LocalRotation.w
      value: 1
      objectReference: {fileID: 0}
    - target: {fileID: 428906, guid: a5cd29a93d7ae2d488fa0376d0d08462, type: 3}
      propertyPath: m_RootOrder
      value: 13
      objectReference: {fileID: 0}
    - target: {fileID: 428906, guid: a5cd29a93d7ae2d488fa0376d0d08462, type: 3}
      propertyPath: m_LocalEulerAnglesHint.x
      value: 0
      objectReference: {fileID: 0}
    - target: {fileID: 428906, guid: a5cd29a93d7ae2d488fa0376d0d08462, type: 3}
      propertyPath: m_LocalEulerAnglesHint.y
      value: 0
      objectReference: {fileID: 0}
    - target: {fileID: 428906, guid: a5cd29a93d7ae2d488fa0376d0d08462, type: 3}
      propertyPath: m_LocalEulerAnglesHint.z
      value: 0
      objectReference: {fileID: 0}
    m_RemovedComponents: []
  m_SourcePrefab: {fileID: 100100000, guid: a5cd29a93d7ae2d488fa0376d0d08462, type: 3}
--- !u!4 &3996220158577412554 stripped
Transform:
  m_CorrespondingSourceObject: {fileID: 428906, guid: a5cd29a93d7ae2d488fa0376d0d08462,
    type: 3}
  m_PrefabInstance: {fileID: 3996220158577574560}
  m_PrefabAsset: {fileID: 0}
--- !u!1001 &4513757047701315596
PrefabInstance:
  m_ObjectHideFlags: 0
  serializedVersion: 2
  m_Modification:
    m_TransformParent: {fileID: 4513757047683901622}
    m_Modifications:
    - target: {fileID: 100000, guid: 38b52066b4ac23b48bc1af6d369ddcd2, type: 3}
      propertyPath: m_Name
      value: stairs
      objectReference: {fileID: 0}
    - target: {fileID: 400000, guid: 38b52066b4ac23b48bc1af6d369ddcd2, type: 3}
      propertyPath: m_LocalPosition.x
      value: 0
      objectReference: {fileID: 0}
    - target: {fileID: 400000, guid: 38b52066b4ac23b48bc1af6d369ddcd2, type: 3}
      propertyPath: m_LocalPosition.y
      value: 0
      objectReference: {fileID: 0}
    - target: {fileID: 400000, guid: 38b52066b4ac23b48bc1af6d369ddcd2, type: 3}
      propertyPath: m_LocalPosition.z
      value: 0
      objectReference: {fileID: 0}
    - target: {fileID: 400000, guid: 38b52066b4ac23b48bc1af6d369ddcd2, type: 3}
      propertyPath: m_LocalRotation.x
      value: -0
      objectReference: {fileID: 0}
    - target: {fileID: 400000, guid: 38b52066b4ac23b48bc1af6d369ddcd2, type: 3}
      propertyPath: m_LocalRotation.y
      value: 0.7071068
      objectReference: {fileID: 0}
    - target: {fileID: 400000, guid: 38b52066b4ac23b48bc1af6d369ddcd2, type: 3}
      propertyPath: m_LocalRotation.z
      value: -0
      objectReference: {fileID: 0}
    - target: {fileID: 400000, guid: 38b52066b4ac23b48bc1af6d369ddcd2, type: 3}
      propertyPath: m_LocalRotation.w
      value: -0.7071068
      objectReference: {fileID: 0}
    - target: {fileID: 400000, guid: 38b52066b4ac23b48bc1af6d369ddcd2, type: 3}
      propertyPath: m_RootOrder
      value: 0
      objectReference: {fileID: 0}
    - target: {fileID: 400000, guid: 38b52066b4ac23b48bc1af6d369ddcd2, type: 3}
      propertyPath: m_LocalEulerAnglesHint.x
      value: 0
      objectReference: {fileID: 0}
    - target: {fileID: 400000, guid: 38b52066b4ac23b48bc1af6d369ddcd2, type: 3}
      propertyPath: m_LocalEulerAnglesHint.y
      value: 270
      objectReference: {fileID: 0}
    - target: {fileID: 400000, guid: 38b52066b4ac23b48bc1af6d369ddcd2, type: 3}
      propertyPath: m_LocalEulerAnglesHint.z
      value: 0
      objectReference: {fileID: 0}
    m_RemovedComponents: []
  m_SourcePrefab: {fileID: 100100000, guid: 38b52066b4ac23b48bc1af6d369ddcd2, type: 3}
--- !u!4 &4513757047700929164 stripped
Transform:
  m_CorrespondingSourceObject: {fileID: 400000, guid: 38b52066b4ac23b48bc1af6d369ddcd2,
    type: 3}
  m_PrefabInstance: {fileID: 4513757047701315596}
  m_PrefabAsset: {fileID: 0}
--- !u!1001 &4513757047775550374
PrefabInstance:
  m_ObjectHideFlags: 0
  serializedVersion: 2
  m_Modification:
    m_TransformParent: {fileID: 4513757047490841550}
    m_Modifications:
    - target: {fileID: 197360, guid: 3845c7234a0ed4843ba4e38e2404f54d, type: 3}
      propertyPath: m_Name
      value: floor_item
      objectReference: {fileID: 0}
    - target: {fileID: 469248, guid: 3845c7234a0ed4843ba4e38e2404f54d, type: 3}
      propertyPath: m_LocalPosition.x
      value: 0
      objectReference: {fileID: 0}
    - target: {fileID: 469248, guid: 3845c7234a0ed4843ba4e38e2404f54d, type: 3}
      propertyPath: m_LocalPosition.y
      value: 0
      objectReference: {fileID: 0}
    - target: {fileID: 469248, guid: 3845c7234a0ed4843ba4e38e2404f54d, type: 3}
      propertyPath: m_LocalPosition.z
      value: 0
      objectReference: {fileID: 0}
    - target: {fileID: 469248, guid: 3845c7234a0ed4843ba4e38e2404f54d, type: 3}
      propertyPath: m_LocalRotation.x
      value: -0
      objectReference: {fileID: 0}
    - target: {fileID: 469248, guid: 3845c7234a0ed4843ba4e38e2404f54d, type: 3}
      propertyPath: m_LocalRotation.y
      value: -0
      objectReference: {fileID: 0}
    - target: {fileID: 469248, guid: 3845c7234a0ed4843ba4e38e2404f54d, type: 3}
      propertyPath: m_LocalRotation.z
      value: -0
      objectReference: {fileID: 0}
    - target: {fileID: 469248, guid: 3845c7234a0ed4843ba4e38e2404f54d, type: 3}
      propertyPath: m_LocalRotation.w
      value: 1
      objectReference: {fileID: 0}
    - target: {fileID: 469248, guid: 3845c7234a0ed4843ba4e38e2404f54d, type: 3}
      propertyPath: m_RootOrder
      value: 1
      objectReference: {fileID: 0}
    - target: {fileID: 469248, guid: 3845c7234a0ed4843ba4e38e2404f54d, type: 3}
      propertyPath: m_LocalEulerAnglesHint.x
      value: 0
      objectReference: {fileID: 0}
    - target: {fileID: 469248, guid: 3845c7234a0ed4843ba4e38e2404f54d, type: 3}
      propertyPath: m_LocalEulerAnglesHint.y
      value: 0
      objectReference: {fileID: 0}
    - target: {fileID: 469248, guid: 3845c7234a0ed4843ba4e38e2404f54d, type: 3}
      propertyPath: m_LocalEulerAnglesHint.z
      value: 0
      objectReference: {fileID: 0}
    m_RemovedComponents: []
  m_SourcePrefab: {fileID: 100100000, guid: 3845c7234a0ed4843ba4e38e2404f54d, type: 3}
--- !u!4 &4513757047775621798 stripped
Transform:
  m_CorrespondingSourceObject: {fileID: 469248, guid: 3845c7234a0ed4843ba4e38e2404f54d,
    type: 3}
  m_PrefabInstance: {fileID: 4513757047775550374}
  m_PrefabAsset: {fileID: 0}
--- !u!1001 &5123110111947008833
PrefabInstance:
  m_ObjectHideFlags: 0
  serializedVersion: 2
  m_Modification:
    m_TransformParent: {fileID: 4513757048117617480}
    m_Modifications:
    - target: {fileID: 135284, guid: a5cd29a93d7ae2d488fa0376d0d08462, type: 3}
      propertyPath: m_Name
      value: wall_item
      objectReference: {fileID: 0}
    - target: {fileID: 428906, guid: a5cd29a93d7ae2d488fa0376d0d08462, type: 3}
      propertyPath: m_LocalPosition.x
      value: 8
      objectReference: {fileID: 0}
    - target: {fileID: 428906, guid: a5cd29a93d7ae2d488fa0376d0d08462, type: 3}
      propertyPath: m_LocalPosition.y
      value: 4
      objectReference: {fileID: 0}
    - target: {fileID: 428906, guid: a5cd29a93d7ae2d488fa0376d0d08462, type: 3}
      propertyPath: m_LocalPosition.z
      value: 2
      objectReference: {fileID: 0}
    - target: {fileID: 428906, guid: a5cd29a93d7ae2d488fa0376d0d08462, type: 3}
      propertyPath: m_LocalRotation.x
      value: 0
      objectReference: {fileID: 0}
    - target: {fileID: 428906, guid: a5cd29a93d7ae2d488fa0376d0d08462, type: 3}
      propertyPath: m_LocalRotation.y
      value: 0
      objectReference: {fileID: 0}
    - target: {fileID: 428906, guid: a5cd29a93d7ae2d488fa0376d0d08462, type: 3}
      propertyPath: m_LocalRotation.z
      value: 0
      objectReference: {fileID: 0}
    - target: {fileID: 428906, guid: a5cd29a93d7ae2d488fa0376d0d08462, type: 3}
      propertyPath: m_LocalRotation.w
      value: 1
      objectReference: {fileID: 0}
    - target: {fileID: 428906, guid: a5cd29a93d7ae2d488fa0376d0d08462, type: 3}
      propertyPath: m_RootOrder
      value: 15
      objectReference: {fileID: 0}
    - target: {fileID: 428906, guid: a5cd29a93d7ae2d488fa0376d0d08462, type: 3}
      propertyPath: m_LocalEulerAnglesHint.x
      value: 0
      objectReference: {fileID: 0}
    - target: {fileID: 428906, guid: a5cd29a93d7ae2d488fa0376d0d08462, type: 3}
      propertyPath: m_LocalEulerAnglesHint.y
      value: 0
      objectReference: {fileID: 0}
    - target: {fileID: 428906, guid: a5cd29a93d7ae2d488fa0376d0d08462, type: 3}
      propertyPath: m_LocalEulerAnglesHint.z
      value: 0
      objectReference: {fileID: 0}
    m_RemovedComponents: []
  m_SourcePrefab: {fileID: 100100000, guid: a5cd29a93d7ae2d488fa0376d0d08462, type: 3}
--- !u!4 &5123110111947431979 stripped
Transform:
  m_CorrespondingSourceObject: {fileID: 428906, guid: a5cd29a93d7ae2d488fa0376d0d08462,
    type: 3}
  m_PrefabInstance: {fileID: 5123110111947008833}
  m_PrefabAsset: {fileID: 0}
--- !u!1001 &5230398003046600662
PrefabInstance:
  m_ObjectHideFlags: 0
  serializedVersion: 2
  m_Modification:
    m_TransformParent: {fileID: 4513757048117617480}
    m_Modifications:
    - target: {fileID: 135284, guid: a5cd29a93d7ae2d488fa0376d0d08462, type: 3}
      propertyPath: m_Name
      value: wall_item
      objectReference: {fileID: 0}
    - target: {fileID: 428906, guid: a5cd29a93d7ae2d488fa0376d0d08462, type: 3}
      propertyPath: m_LocalPosition.x
      value: 8
      objectReference: {fileID: 0}
    - target: {fileID: 428906, guid: a5cd29a93d7ae2d488fa0376d0d08462, type: 3}
      propertyPath: m_LocalPosition.y
      value: 4
      objectReference: {fileID: 0}
    - target: {fileID: 428906, guid: a5cd29a93d7ae2d488fa0376d0d08462, type: 3}
      propertyPath: m_LocalPosition.z
      value: -2
      objectReference: {fileID: 0}
    - target: {fileID: 428906, guid: a5cd29a93d7ae2d488fa0376d0d08462, type: 3}
      propertyPath: m_LocalRotation.x
      value: 0
      objectReference: {fileID: 0}
    - target: {fileID: 428906, guid: a5cd29a93d7ae2d488fa0376d0d08462, type: 3}
      propertyPath: m_LocalRotation.y
      value: 0
      objectReference: {fileID: 0}
    - target: {fileID: 428906, guid: a5cd29a93d7ae2d488fa0376d0d08462, type: 3}
      propertyPath: m_LocalRotation.z
      value: 0
      objectReference: {fileID: 0}
    - target: {fileID: 428906, guid: a5cd29a93d7ae2d488fa0376d0d08462, type: 3}
      propertyPath: m_LocalRotation.w
      value: 1
      objectReference: {fileID: 0}
    - target: {fileID: 428906, guid: a5cd29a93d7ae2d488fa0376d0d08462, type: 3}
      propertyPath: m_RootOrder
      value: 12
      objectReference: {fileID: 0}
    - target: {fileID: 428906, guid: a5cd29a93d7ae2d488fa0376d0d08462, type: 3}
      propertyPath: m_LocalEulerAnglesHint.x
      value: 0
      objectReference: {fileID: 0}
    - target: {fileID: 428906, guid: a5cd29a93d7ae2d488fa0376d0d08462, type: 3}
      propertyPath: m_LocalEulerAnglesHint.y
      value: 0
      objectReference: {fileID: 0}
    - target: {fileID: 428906, guid: a5cd29a93d7ae2d488fa0376d0d08462, type: 3}
      propertyPath: m_LocalEulerAnglesHint.z
      value: 0
      objectReference: {fileID: 0}
    m_RemovedComponents: []
  m_SourcePrefab: {fileID: 100100000, guid: a5cd29a93d7ae2d488fa0376d0d08462, type: 3}
--- !u!4 &5230398003047023804 stripped
Transform:
  m_CorrespondingSourceObject: {fileID: 428906, guid: a5cd29a93d7ae2d488fa0376d0d08462,
    type: 3}
  m_PrefabInstance: {fileID: 5230398003046600662}
  m_PrefabAsset: {fileID: 0}
--- !u!1001 &5456892532785620136
PrefabInstance:
  m_ObjectHideFlags: 0
  serializedVersion: 2
  m_Modification:
    m_TransformParent: {fileID: 4513757047683901622}
    m_Modifications:
    - target: {fileID: 100000, guid: 9f483ba0e96f1414a84ea4b0fbc13414, type: 3}
      propertyPath: m_Name
      value: bed
      objectReference: {fileID: 0}
    - target: {fileID: 400000, guid: 9f483ba0e96f1414a84ea4b0fbc13414, type: 3}
      propertyPath: m_LocalPosition.x
      value: 8.5
      objectReference: {fileID: 0}
    - target: {fileID: 400000, guid: 9f483ba0e96f1414a84ea4b0fbc13414, type: 3}
      propertyPath: m_LocalPosition.y
      value: 4.4
      objectReference: {fileID: 0}
    - target: {fileID: 400000, guid: 9f483ba0e96f1414a84ea4b0fbc13414, type: 3}
      propertyPath: m_LocalPosition.z
      value: 0
      objectReference: {fileID: 0}
    - target: {fileID: 400000, guid: 9f483ba0e96f1414a84ea4b0fbc13414, type: 3}
      propertyPath: m_LocalRotation.x
      value: -0
      objectReference: {fileID: 0}
    - target: {fileID: 400000, guid: 9f483ba0e96f1414a84ea4b0fbc13414, type: 3}
      propertyPath: m_LocalRotation.y
      value: -0
      objectReference: {fileID: 0}
    - target: {fileID: 400000, guid: 9f483ba0e96f1414a84ea4b0fbc13414, type: 3}
      propertyPath: m_LocalRotation.z
      value: -0
      objectReference: {fileID: 0}
    - target: {fileID: 400000, guid: 9f483ba0e96f1414a84ea4b0fbc13414, type: 3}
      propertyPath: m_LocalRotation.w
      value: 1
      objectReference: {fileID: 0}
    - target: {fileID: 400000, guid: 9f483ba0e96f1414a84ea4b0fbc13414, type: 3}
      propertyPath: m_RootOrder
      value: 3
      objectReference: {fileID: 0}
    - target: {fileID: 400000, guid: 9f483ba0e96f1414a84ea4b0fbc13414, type: 3}
      propertyPath: m_LocalEulerAnglesHint.x
      value: 0
      objectReference: {fileID: 0}
    - target: {fileID: 400000, guid: 9f483ba0e96f1414a84ea4b0fbc13414, type: 3}
      propertyPath: m_LocalEulerAnglesHint.y
      value: 0
      objectReference: {fileID: 0}
    - target: {fileID: 400000, guid: 9f483ba0e96f1414a84ea4b0fbc13414, type: 3}
      propertyPath: m_LocalEulerAnglesHint.z
      value: 0
      objectReference: {fileID: 0}
    m_RemovedComponents: []
  m_SourcePrefab: {fileID: 100100000, guid: 9f483ba0e96f1414a84ea4b0fbc13414, type: 3}
--- !u!4 &5456892532785757736 stripped
Transform:
  m_CorrespondingSourceObject: {fileID: 400000, guid: 9f483ba0e96f1414a84ea4b0fbc13414,
    type: 3}
  m_PrefabInstance: {fileID: 5456892532785620136}
  m_PrefabAsset: {fileID: 0}
--- !u!1001 &5544471408913539817
PrefabInstance:
  m_ObjectHideFlags: 0
  serializedVersion: 2
  m_Modification:
    m_TransformParent: {fileID: 4513757048117617480}
    m_Modifications:
    - target: {fileID: 135284, guid: a5cd29a93d7ae2d488fa0376d0d08462, type: 3}
      propertyPath: m_Name
      value: wall_item
      objectReference: {fileID: 0}
    - target: {fileID: 428906, guid: a5cd29a93d7ae2d488fa0376d0d08462, type: 3}
      propertyPath: m_LocalPosition.x
      value: 4
      objectReference: {fileID: 0}
    - target: {fileID: 428906, guid: a5cd29a93d7ae2d488fa0376d0d08462, type: 3}
      propertyPath: m_LocalPosition.y
      value: 4
      objectReference: {fileID: 0}
    - target: {fileID: 428906, guid: a5cd29a93d7ae2d488fa0376d0d08462, type: 3}
      propertyPath: m_LocalPosition.z
      value: 2
      objectReference: {fileID: 0}
    - target: {fileID: 428906, guid: a5cd29a93d7ae2d488fa0376d0d08462, type: 3}
      propertyPath: m_LocalRotation.x
      value: 0
      objectReference: {fileID: 0}
    - target: {fileID: 428906, guid: a5cd29a93d7ae2d488fa0376d0d08462, type: 3}
      propertyPath: m_LocalRotation.y
      value: 0
      objectReference: {fileID: 0}
    - target: {fileID: 428906, guid: a5cd29a93d7ae2d488fa0376d0d08462, type: 3}
      propertyPath: m_LocalRotation.z
      value: 0
      objectReference: {fileID: 0}
    - target: {fileID: 428906, guid: a5cd29a93d7ae2d488fa0376d0d08462, type: 3}
      propertyPath: m_LocalRotation.w
      value: 1
      objectReference: {fileID: 0}
    - target: {fileID: 428906, guid: a5cd29a93d7ae2d488fa0376d0d08462, type: 3}
      propertyPath: m_RootOrder
      value: 14
      objectReference: {fileID: 0}
    - target: {fileID: 428906, guid: a5cd29a93d7ae2d488fa0376d0d08462, type: 3}
      propertyPath: m_LocalEulerAnglesHint.x
      value: 0
      objectReference: {fileID: 0}
    - target: {fileID: 428906, guid: a5cd29a93d7ae2d488fa0376d0d08462, type: 3}
      propertyPath: m_LocalEulerAnglesHint.y
      value: 0
      objectReference: {fileID: 0}
    - target: {fileID: 428906, guid: a5cd29a93d7ae2d488fa0376d0d08462, type: 3}
      propertyPath: m_LocalEulerAnglesHint.z
      value: 0
      objectReference: {fileID: 0}
    m_RemovedComponents: []
  m_SourcePrefab: {fileID: 100100000, guid: a5cd29a93d7ae2d488fa0376d0d08462, type: 3}
--- !u!4 &5544471408913901955 stripped
Transform:
  m_CorrespondingSourceObject: {fileID: 428906, guid: a5cd29a93d7ae2d488fa0376d0d08462,
    type: 3}
  m_PrefabInstance: {fileID: 5544471408913539817}
  m_PrefabAsset: {fileID: 0}
--- !u!1001 &7164462556859836306
PrefabInstance:
  m_ObjectHideFlags: 0
  serializedVersion: 2
  m_Modification:
    m_TransformParent: {fileID: 4513757047490841550}
    m_Modifications:
    - target: {fileID: 197360, guid: 3845c7234a0ed4843ba4e38e2404f54d, type: 3}
      propertyPath: m_Name
      value: floor_item
      objectReference: {fileID: 0}
    - target: {fileID: 469248, guid: 3845c7234a0ed4843ba4e38e2404f54d, type: 3}
      propertyPath: m_LocalPosition.x
      value: 7
      objectReference: {fileID: 0}
    - target: {fileID: 469248, guid: 3845c7234a0ed4843ba4e38e2404f54d, type: 3}
      propertyPath: m_LocalPosition.y
      value: 4
      objectReference: {fileID: 0}
    - target: {fileID: 469248, guid: 3845c7234a0ed4843ba4e38e2404f54d, type: 3}
      propertyPath: m_LocalPosition.z
      value: 0
      objectReference: {fileID: 0}
    - target: {fileID: 469248, guid: 3845c7234a0ed4843ba4e38e2404f54d, type: 3}
      propertyPath: m_LocalRotation.x
      value: -0
      objectReference: {fileID: 0}
    - target: {fileID: 469248, guid: 3845c7234a0ed4843ba4e38e2404f54d, type: 3}
      propertyPath: m_LocalRotation.y
      value: -0
      objectReference: {fileID: 0}
    - target: {fileID: 469248, guid: 3845c7234a0ed4843ba4e38e2404f54d, type: 3}
      propertyPath: m_LocalRotation.z
      value: -0
      objectReference: {fileID: 0}
    - target: {fileID: 469248, guid: 3845c7234a0ed4843ba4e38e2404f54d, type: 3}
      propertyPath: m_LocalRotation.w
      value: 1
      objectReference: {fileID: 0}
    - target: {fileID: 469248, guid: 3845c7234a0ed4843ba4e38e2404f54d, type: 3}
      propertyPath: m_RootOrder
      value: 3
      objectReference: {fileID: 0}
    - target: {fileID: 469248, guid: 3845c7234a0ed4843ba4e38e2404f54d, type: 3}
      propertyPath: m_LocalEulerAnglesHint.x
      value: 0
      objectReference: {fileID: 0}
    - target: {fileID: 469248, guid: 3845c7234a0ed4843ba4e38e2404f54d, type: 3}
      propertyPath: m_LocalEulerAnglesHint.y
      value: 0
      objectReference: {fileID: 0}
    - target: {fileID: 469248, guid: 3845c7234a0ed4843ba4e38e2404f54d, type: 3}
      propertyPath: m_LocalEulerAnglesHint.z
      value: 0
      objectReference: {fileID: 0}
    - target: {fileID: 469248, guid: 3845c7234a0ed4843ba4e38e2404f54d, type: 3}
      propertyPath: m_LocalScale.y
      value: 1
      objectReference: {fileID: 0}
    - target: {fileID: 469248, guid: 3845c7234a0ed4843ba4e38e2404f54d, type: 3}
      propertyPath: m_LocalScale.z
      value: 1
      objectReference: {fileID: 0}
    - target: {fileID: 469248, guid: 3845c7234a0ed4843ba4e38e2404f54d, type: 3}
      propertyPath: m_LocalScale.x
      value: 1.5
      objectReference: {fileID: 0}
    m_RemovedComponents: []
  m_SourcePrefab: {fileID: 100100000, guid: 3845c7234a0ed4843ba4e38e2404f54d, type: 3}
--- !u!4 &7164462556859371154 stripped
Transform:
  m_CorrespondingSourceObject: {fileID: 469248, guid: 3845c7234a0ed4843ba4e38e2404f54d,
    type: 3}
  m_PrefabInstance: {fileID: 7164462556859836306}
  m_PrefabAsset: {fileID: 0}
--- !u!1001 &7311088562714545469
PrefabInstance:
  m_ObjectHideFlags: 0
  serializedVersion: 2
  m_Modification:
    m_TransformParent: {fileID: 4513757048117617480}
    m_Modifications:
    - target: {fileID: 135284, guid: a5cd29a93d7ae2d488fa0376d0d08462, type: 3}
      propertyPath: m_Name
      value: wall_item
      objectReference: {fileID: 0}
    - target: {fileID: 428906, guid: a5cd29a93d7ae2d488fa0376d0d08462, type: 3}
      propertyPath: m_LocalPosition.x
      value: -2
      objectReference: {fileID: 0}
    - target: {fileID: 428906, guid: a5cd29a93d7ae2d488fa0376d0d08462, type: 3}
      propertyPath: m_LocalPosition.y
      value: 4
      objectReference: {fileID: 0}
    - target: {fileID: 428906, guid: a5cd29a93d7ae2d488fa0376d0d08462, type: 3}
      propertyPath: m_LocalPosition.z
      value: 0
      objectReference: {fileID: 0}
    - target: {fileID: 428906, guid: a5cd29a93d7ae2d488fa0376d0d08462, type: 3}
      propertyPath: m_LocalRotation.x
      value: 0
      objectReference: {fileID: 0}
    - target: {fileID: 428906, guid: a5cd29a93d7ae2d488fa0376d0d08462, type: 3}
      propertyPath: m_LocalRotation.y
      value: 0.7071068
      objectReference: {fileID: 0}
    - target: {fileID: 428906, guid: a5cd29a93d7ae2d488fa0376d0d08462, type: 3}
      propertyPath: m_LocalRotation.z
      value: 0
      objectReference: {fileID: 0}
    - target: {fileID: 428906, guid: a5cd29a93d7ae2d488fa0376d0d08462, type: 3}
      propertyPath: m_LocalRotation.w
      value: 0.7071068
      objectReference: {fileID: 0}
    - target: {fileID: 428906, guid: a5cd29a93d7ae2d488fa0376d0d08462, type: 3}
      propertyPath: m_RootOrder
      value: 8
      objectReference: {fileID: 0}
    - target: {fileID: 428906, guid: a5cd29a93d7ae2d488fa0376d0d08462, type: 3}
      propertyPath: m_LocalEulerAnglesHint.x
      value: 0
      objectReference: {fileID: 0}
    - target: {fileID: 428906, guid: a5cd29a93d7ae2d488fa0376d0d08462, type: 3}
      propertyPath: m_LocalEulerAnglesHint.y
      value: 90
      objectReference: {fileID: 0}
    - target: {fileID: 428906, guid: a5cd29a93d7ae2d488fa0376d0d08462, type: 3}
      propertyPath: m_LocalEulerAnglesHint.z
      value: 0
      objectReference: {fileID: 0}
    m_RemovedComponents: []
  m_SourcePrefab: {fileID: 100100000, guid: a5cd29a93d7ae2d488fa0376d0d08462, type: 3}
--- !u!4 &7311088562714379863 stripped
Transform:
  m_CorrespondingSourceObject: {fileID: 428906, guid: a5cd29a93d7ae2d488fa0376d0d08462,
    type: 3}
  m_PrefabInstance: {fileID: 7311088562714545469}
  m_PrefabAsset: {fileID: 0}
--- !u!1001 &7572869965496768522
PrefabInstance:
  m_ObjectHideFlags: 0
  serializedVersion: 2
  m_Modification:
    m_TransformParent: {fileID: 4513757048117617480}
    m_Modifications:
    - target: {fileID: 150100, guid: 339299a7e2fdedf47b7788ab1a25c9df, type: 3}
      propertyPath: m_Name
      value: wall_item
      objectReference: {fileID: 0}
    - target: {fileID: 445366, guid: 339299a7e2fdedf47b7788ab1a25c9df, type: 3}
      propertyPath: m_LocalPosition.x
      value: 0
      objectReference: {fileID: 0}
    - target: {fileID: 445366, guid: 339299a7e2fdedf47b7788ab1a25c9df, type: 3}
      propertyPath: m_LocalPosition.y
      value: 0
      objectReference: {fileID: 0}
    - target: {fileID: 445366, guid: 339299a7e2fdedf47b7788ab1a25c9df, type: 3}
      propertyPath: m_LocalPosition.z
      value: 2
      objectReference: {fileID: 0}
    - target: {fileID: 445366, guid: 339299a7e2fdedf47b7788ab1a25c9df, type: 3}
      propertyPath: m_LocalRotation.x
      value: 0
      objectReference: {fileID: 0}
    - target: {fileID: 445366, guid: 339299a7e2fdedf47b7788ab1a25c9df, type: 3}
      propertyPath: m_LocalRotation.y
      value: 0
      objectReference: {fileID: 0}
    - target: {fileID: 445366, guid: 339299a7e2fdedf47b7788ab1a25c9df, type: 3}
      propertyPath: m_LocalRotation.z
      value: 0
      objectReference: {fileID: 0}
    - target: {fileID: 445366, guid: 339299a7e2fdedf47b7788ab1a25c9df, type: 3}
      propertyPath: m_LocalRotation.w
      value: 1
      objectReference: {fileID: 0}
    - target: {fileID: 445366, guid: 339299a7e2fdedf47b7788ab1a25c9df, type: 3}
      propertyPath: m_RootOrder
      value: 4
      objectReference: {fileID: 0}
    - target: {fileID: 445366, guid: 339299a7e2fdedf47b7788ab1a25c9df, type: 3}
      propertyPath: m_LocalEulerAnglesHint.x
      value: 0
      objectReference: {fileID: 0}
    - target: {fileID: 445366, guid: 339299a7e2fdedf47b7788ab1a25c9df, type: 3}
      propertyPath: m_LocalEulerAnglesHint.y
      value: 0
      objectReference: {fileID: 0}
    - target: {fileID: 445366, guid: 339299a7e2fdedf47b7788ab1a25c9df, type: 3}
      propertyPath: m_LocalEulerAnglesHint.z
      value: 0
      objectReference: {fileID: 0}
    m_RemovedComponents: []
  m_SourcePrefab: {fileID: 100100000, guid: 339299a7e2fdedf47b7788ab1a25c9df, type: 3}
--- !u!4 &7572869965497111484 stripped
Transform:
  m_CorrespondingSourceObject: {fileID: 445366, guid: 339299a7e2fdedf47b7788ab1a25c9df,
    type: 3}
  m_PrefabInstance: {fileID: 7572869965496768522}
  m_PrefabAsset: {fileID: 0}
--- !u!1001 &8368946782293094174
PrefabInstance:
  m_ObjectHideFlags: 0
  serializedVersion: 2
  m_Modification:
    m_TransformParent: {fileID: 4513757048117617480}
    m_Modifications:
    - target: {fileID: 135284, guid: a5cd29a93d7ae2d488fa0376d0d08462, type: 3}
      propertyPath: m_Name
      value: wall_item
      objectReference: {fileID: 0}
    - target: {fileID: 428906, guid: a5cd29a93d7ae2d488fa0376d0d08462, type: 3}
      propertyPath: m_LocalPosition.x
      value: 0
      objectReference: {fileID: 0}
    - target: {fileID: 428906, guid: a5cd29a93d7ae2d488fa0376d0d08462, type: 3}
      propertyPath: m_LocalPosition.y
      value: 4
      objectReference: {fileID: 0}
    - target: {fileID: 428906, guid: a5cd29a93d7ae2d488fa0376d0d08462, type: 3}
      propertyPath: m_LocalPosition.z
      value: -2
      objectReference: {fileID: 0}
    - target: {fileID: 428906, guid: a5cd29a93d7ae2d488fa0376d0d08462, type: 3}
      propertyPath: m_LocalRotation.x
      value: 0
      objectReference: {fileID: 0}
    - target: {fileID: 428906, guid: a5cd29a93d7ae2d488fa0376d0d08462, type: 3}
      propertyPath: m_LocalRotation.y
      value: 0
      objectReference: {fileID: 0}
    - target: {fileID: 428906, guid: a5cd29a93d7ae2d488fa0376d0d08462, type: 3}
      propertyPath: m_LocalRotation.z
      value: 0
      objectReference: {fileID: 0}
    - target: {fileID: 428906, guid: a5cd29a93d7ae2d488fa0376d0d08462, type: 3}
      propertyPath: m_LocalRotation.w
      value: 1
      objectReference: {fileID: 0}
    - target: {fileID: 428906, guid: a5cd29a93d7ae2d488fa0376d0d08462, type: 3}
      propertyPath: m_RootOrder
      value: 10
      objectReference: {fileID: 0}
    - target: {fileID: 428906, guid: a5cd29a93d7ae2d488fa0376d0d08462, type: 3}
      propertyPath: m_LocalEulerAnglesHint.x
      value: 0
      objectReference: {fileID: 0}
    - target: {fileID: 428906, guid: a5cd29a93d7ae2d488fa0376d0d08462, type: 3}
      propertyPath: m_LocalEulerAnglesHint.y
      value: 0
      objectReference: {fileID: 0}
    - target: {fileID: 428906, guid: a5cd29a93d7ae2d488fa0376d0d08462, type: 3}
      propertyPath: m_LocalEulerAnglesHint.z
      value: 0
      objectReference: {fileID: 0}
    m_RemovedComponents: []
  m_SourcePrefab: {fileID: 100100000, guid: a5cd29a93d7ae2d488fa0376d0d08462, type: 3}
--- !u!4 &8368946782293255284 stripped
Transform:
  m_CorrespondingSourceObject: {fileID: 428906, guid: a5cd29a93d7ae2d488fa0376d0d08462,
    type: 3}
  m_PrefabInstance: {fileID: 8368946782293094174}
  m_PrefabAsset: {fileID: 0}
