%YAML 1.1
%TAG !u! tag:unity3d.com,2011:
--- !u!1 &242578940200386355
GameObject:
  m_ObjectHideFlags: 0
  m_CorrespondingSourceObject: {fileID: 0}
  m_PrefabInstance: {fileID: 0}
  m_PrefabAsset: {fileID: 0}
  serializedVersion: 6
  m_Component:
  - component: {fileID: 8790808057279937171}
  - component: {fileID: 6628704674700412003}
  - component: {fileID: 56463082269634871}
  - component: {fileID: 9029058023044789753}
  - component: {fileID: 5995374920995871137}
  - component: {fileID: 6746496392730803849}
  m_Layer: 0
  m_Name: three_finger_block
  m_TagString: Untagged
  m_Icon: {fileID: 0}
  m_NavMeshLayer: 0
  m_StaticEditorFlags: 0
  m_IsActive: 1
--- !u!4 &8790808057279937171
Transform:
  m_ObjectHideFlags: 0
  m_CorrespondingSourceObject: {fileID: 0}
  m_PrefabInstance: {fileID: 0}
  m_PrefabAsset: {fileID: 0}
  m_GameObject: {fileID: 242578940200386355}
  m_LocalRotation: {x: 0, y: 0, z: 0, w: 1}
  m_LocalPosition: {x: 0, y: 0, z: 0}
  m_LocalScale: {x: 1, y: 1, z: 1}
  m_Children:
  - {fileID: 3197318113286937814}
  - {fileID: 8587796678109437131}
  - {fileID: 1758246129564980636}
  - {fileID: 1399902149273994642}
  - {fileID: 7069878753975626816}
  m_Father: {fileID: 0}
  m_RootOrder: 0
  m_LocalEulerAnglesHint: {x: 0, y: 0, z: 0}
--- !u!54 &6628704674700412003
Rigidbody:
  m_ObjectHideFlags: 0
  m_CorrespondingSourceObject: {fileID: 0}
  m_PrefabInstance: {fileID: 0}
  m_PrefabAsset: {fileID: 0}
  m_GameObject: {fileID: 242578940200386355}
  serializedVersion: 2
  m_Mass: 10
  m_Drag: 0.25
  m_AngularDrag: 0.05
  m_UseGravity: 1
  m_IsKinematic: 0
  m_Interpolate: 0
  m_Constraints: 0
  m_CollisionDetection: 0
--- !u!114 &56463082269634871
MonoBehaviour:
  m_ObjectHideFlags: 0
  m_CorrespondingSourceObject: {fileID: 0}
  m_PrefabInstance: {fileID: 0}
  m_PrefabAsset: {fileID: 0}
  m_GameObject: {fileID: 242578940200386355}
  m_Enabled: 1
  m_EditorHideFlags: 0
  m_Script: {fileID: 11500000, guid: 4eda371e5375f454490a86f21559ee38, type: 3}
  m_Name: 
  m_EditorClassIdentifier: 
  Use:
    Filter: 0
    IgnoreStartedOverGui: 1
    RequiredFingerCount: 0
    RequiredMouseButtons: 0
    RequiredSelectable: {fileID: 0}
  Camera: {fileID: 0}
  Dampening: -1
  remainingTranslation: {x: 0, y: 0, z: 0}
--- !u!114 &9029058023044789753
MonoBehaviour:
  m_ObjectHideFlags: 0
  m_CorrespondingSourceObject: {fileID: 0}
  m_PrefabInstance: {fileID: 0}
  m_PrefabAsset: {fileID: 0}
  m_GameObject: {fileID: 242578940200386355}
  m_Enabled: 0
  m_EditorHideFlags: 0
  m_Script: {fileID: 11500000, guid: 52d72cc6210cb7144a24acb7402222a6, type: 3}
  m_Name: 
  m_EditorClassIdentifier: 
  Use:
    Filter: 0
    IgnoreStartedOverGui: 1
    RequiredFingerCount: 0
    RequiredMouseButtons: 0
    RequiredSelectable: {fileID: 0}
  Camera: {fileID: 0}
  Relative: 0
  Dampening: -1
  remainingTranslation: {x: 0, y: 0, z: 0}
  remainingRotation: {x: 0, y: 0, z: 0, w: 1}
--- !u!114 &5995374920995871137
MonoBehaviour:
  m_ObjectHideFlags: 0
  m_CorrespondingSourceObject: {fileID: 0}
  m_PrefabInstance: {fileID: 0}
  m_PrefabAsset: {fileID: 0}
  m_GameObject: {fileID: 242578940200386355}
  m_Enabled: 1
  m_EditorHideFlags: 0
  m_Script: {fileID: 11500000, guid: dc7c91b26689a054d88448aba6dfe424, type: 3}
  m_Name: 
  m_EditorClassIdentifier: 
  Use:
    Filter: 0
    IgnoreStartedOverGui: 1
    RequiredFingerCount: 0
    RequiredMouseButtons: 0
    RequiredSelectable: {fileID: 0}
  Axis: {x: 0, y: -1, z: 0}
  Space: 1
--- !u!64 &6746496392730803849
MeshCollider:
  m_ObjectHideFlags: 0
  m_CorrespondingSourceObject: {fileID: 0}
  m_PrefabInstance: {fileID: 0}
  m_PrefabAsset: {fileID: 0}
  m_GameObject: {fileID: 242578940200386355}
  m_Material: {fileID: 0}
  m_IsTrigger: 0
  m_Enabled: 1
  serializedVersion: 3
  m_Convex: 0
  m_CookingOptions: 14
  m_Mesh: {fileID: 0}
--- !u!1 &902865724777352329
GameObject:
  m_ObjectHideFlags: 0
  m_CorrespondingSourceObject: {fileID: 0}
  m_PrefabInstance: {fileID: 0}
  m_PrefabAsset: {fileID: 0}
  serializedVersion: 6
  m_Component:
  - component: {fileID: 1758246129564980636}
  m_Layer: 0
  m_Name: walls
  m_TagString: Untagged
  m_Icon: {fileID: 0}
  m_NavMeshLayer: 0
  m_StaticEditorFlags: 0
  m_IsActive: 1
--- !u!4 &1758246129564980636
Transform:
  m_ObjectHideFlags: 0
  m_CorrespondingSourceObject: {fileID: 0}
  m_PrefabInstance: {fileID: 0}
  m_PrefabAsset: {fileID: 0}
  m_GameObject: {fileID: 902865724777352329}
  m_LocalRotation: {x: 0, y: 0, z: 0, w: 1}
  m_LocalPosition: {x: 0, y: 0, z: 0}
  m_LocalScale: {x: 1, y: 1, z: 1}
  m_Children:
  - {fileID: 567228682402059861}
  - {fileID: 722464669439272304}
  - {fileID: 9083514871201758172}
  - {fileID: 2766545697896559278}
  - {fileID: 975577093205085727}
  - {fileID: 642822030630734417}
  - {fileID: 7482378774529902418}
  - {fileID: 8423245608644864148}
  - {fileID: 7339093533729609994}
  - {fileID: 1470378185042780960}
  - {fileID: 1447742015849916011}
  - {fileID: 5712431312951982451}
  - {fileID: 4837152711161882665}
  - {fileID: 5455347720031987110}
  - {fileID: 5329153934530301928}
  - {fileID: 6093696279850580417}
  m_Father: {fileID: 8790808057279937171}
  m_RootOrder: 2
  m_LocalEulerAnglesHint: {x: 0, y: 0, z: 0}
--- !u!1 &4334231548782679336
GameObject:
  m_ObjectHideFlags: 0
  m_CorrespondingSourceObject: {fileID: 0}
  m_PrefabInstance: {fileID: 0}
  m_PrefabAsset: {fileID: 0}
  serializedVersion: 6
  m_Component:
  - component: {fileID: 1399902149273994642}
  m_Layer: 0
  m_Name: ceeling
  m_TagString: Untagged
  m_Icon: {fileID: 0}
  m_NavMeshLayer: 0
  m_StaticEditorFlags: 0
  m_IsActive: 1
--- !u!4 &1399902149273994642
Transform:
  m_ObjectHideFlags: 0
  m_CorrespondingSourceObject: {fileID: 0}
  m_PrefabInstance: {fileID: 0}
  m_PrefabAsset: {fileID: 0}
  m_GameObject: {fileID: 4334231548782679336}
  m_LocalRotation: {x: 0.7071068, y: 0, z: 0.7071068, w: 0}
  m_LocalPosition: {x: 0, y: 8, z: 0}
  m_LocalScale: {x: 1, y: 1, z: 1}
  m_Children:
  - {fileID: 9163412408195890204}
  - {fileID: 5577074461434078437}
  - {fileID: 2878578403045488739}
  m_Father: {fileID: 8790808057279937171}
  m_RootOrder: 3
  m_LocalEulerAnglesHint: {x: 0, y: 90, z: 180}
--- !u!1 &5377159162999732903
GameObject:
  m_ObjectHideFlags: 0
  m_CorrespondingSourceObject: {fileID: 0}
  m_PrefabInstance: {fileID: 0}
  m_PrefabAsset: {fileID: 0}
  serializedVersion: 6
  m_Component:
  - component: {fileID: 3197318113286937814}
  m_Layer: 0
  m_Name: floor
  m_TagString: Untagged
  m_Icon: {fileID: 0}
  m_NavMeshLayer: 0
  m_StaticEditorFlags: 0
  m_IsActive: 1
--- !u!4 &3197318113286937814
Transform:
  m_ObjectHideFlags: 0
  m_CorrespondingSourceObject: {fileID: 0}
  m_PrefabInstance: {fileID: 0}
  m_PrefabAsset: {fileID: 0}
  m_GameObject: {fileID: 5377159162999732903}
  m_LocalRotation: {x: 0, y: 0, z: 0, w: 1}
  m_LocalPosition: {x: 0, y: 0, z: 0}
  m_LocalScale: {x: 1, y: 1, z: 1}
  m_Children:
  - {fileID: 229957645382790090}
  - {fileID: 1165598813557378695}
  - {fileID: 309901874017632177}
  - {fileID: 3787595995959719375}
  m_Father: {fileID: 8790808057279937171}
  m_RootOrder: 0
  m_LocalEulerAnglesHint: {x: 0, y: 0, z: 0}
--- !u!1 &8669126189529498597
GameObject:
  m_ObjectHideFlags: 0
  m_CorrespondingSourceObject: {fileID: 0}
  m_PrefabInstance: {fileID: 0}
  m_PrefabAsset: {fileID: 0}
  serializedVersion: 6
  m_Component:
  - component: {fileID: 511363978858985144}
  - component: {fileID: 6481397193353413272}
  m_Layer: 0
  m_Name: Point Light
  m_TagString: Untagged
  m_Icon: {fileID: 0}
  m_NavMeshLayer: 0
  m_StaticEditorFlags: 0
  m_IsActive: 1
--- !u!4 &511363978858985144
Transform:
  m_ObjectHideFlags: 0
  m_CorrespondingSourceObject: {fileID: 0}
  m_PrefabInstance: {fileID: 0}
  m_PrefabAsset: {fileID: 0}
  m_GameObject: {fileID: 8669126189529498597}
  m_LocalRotation: {x: -0, y: -0, z: -0, w: 1}
  m_LocalPosition: {x: 0, y: 0, z: 0}
  m_LocalScale: {x: 2.5, y: 2.5, z: 2.5}
  m_Children: []
  m_Father: {fileID: 8175768033675557568}
  m_RootOrder: 0
  m_LocalEulerAnglesHint: {x: 0, y: 0, z: 0}
--- !u!108 &6481397193353413272
Light:
  m_ObjectHideFlags: 0
  m_CorrespondingSourceObject: {fileID: 0}
  m_PrefabInstance: {fileID: 0}
  m_PrefabAsset: {fileID: 0}
  m_GameObject: {fileID: 8669126189529498597}
  m_Enabled: 1
  serializedVersion: 9
  m_Type: 2
  m_Color: {r: 1, g: 1, b: 1, a: 1}
  m_Intensity: 5
  m_Range: 10
  m_SpotAngle: 30
  m_InnerSpotAngle: 21.80208
  m_CookieSize: 10
  m_Shadows:
    m_Type: 0
    m_Resolution: -1
    m_CustomResolution: -1
    m_Strength: 1
    m_Bias: 0.05
    m_NormalBias: 0.4
    m_NearPlane: 0.2
    m_CullingMatrixOverride:
      e00: 1
      e01: 0
      e02: 0
      e03: 0
      e10: 0
      e11: 1
      e12: 0
      e13: 0
      e20: 0
      e21: 0
      e22: 1
      e23: 0
      e30: 0
      e31: 0
      e32: 0
      e33: 1
    m_UseCullingMatrixOverride: 0
  m_Cookie: {fileID: 0}
  m_DrawHalo: 0
  m_Flare: {fileID: 0}
  m_RenderMode: 0
  m_CullingMask:
    serializedVersion: 2
    m_Bits: 4294967295
  m_RenderingLayerMask: 1
  m_Lightmapping: 4
  m_LightShadowCasterMode: 0
  m_AreaSize: {x: 1, y: 1}
  m_BounceIntensity: 1
  m_ColorTemperature: 6570
  m_UseColorTemperature: 0
  m_BoundingSphereOverride: {x: 0, y: 0, z: 0, w: 0}
  m_UseBoundingSphereOverride: 0
  m_ShadowRadius: 0
  m_ShadowAngle: 0
--- !u!1 &8765527194254729283
GameObject:
  m_ObjectHideFlags: 0
  m_CorrespondingSourceObject: {fileID: 0}
  m_PrefabInstance: {fileID: 0}
  m_PrefabAsset: {fileID: 0}
  serializedVersion: 6
  m_Component:
  - component: {fileID: 7069878753975626816}
  m_Layer: 0
  m_Name: lgihts
  m_TagString: Untagged
  m_Icon: {fileID: 0}
  m_NavMeshLayer: 0
  m_StaticEditorFlags: 0
  m_IsActive: 1
--- !u!4 &7069878753975626816
Transform:
  m_ObjectHideFlags: 0
  m_CorrespondingSourceObject: {fileID: 0}
  m_PrefabInstance: {fileID: 0}
  m_PrefabAsset: {fileID: 0}
  m_GameObject: {fileID: 8765527194254729283}
  m_LocalRotation: {x: 0, y: 0, z: 0, w: 1}
  m_LocalPosition: {x: 0, y: 0, z: 0}
  m_LocalScale: {x: 1, y: 1, z: 1}
  m_Children: []
  m_Father: {fileID: 8790808057279937171}
  m_RootOrder: 4
  m_LocalEulerAnglesHint: {x: 0, y: 0, z: 0}
--- !u!1 &9134678553287763970
GameObject:
  m_ObjectHideFlags: 0
  m_CorrespondingSourceObject: {fileID: 0}
  m_PrefabInstance: {fileID: 0}
  m_PrefabAsset: {fileID: 0}
  serializedVersion: 6
  m_Component:
  - component: {fileID: 8587796678109437131}
  m_Layer: 0
  m_Name: inner
  m_TagString: Untagged
  m_Icon: {fileID: 0}
  m_NavMeshLayer: 0
  m_StaticEditorFlags: 0
  m_IsActive: 1
--- !u!4 &8587796678109437131
Transform:
  m_ObjectHideFlags: 0
  m_CorrespondingSourceObject: {fileID: 0}
  m_PrefabInstance: {fileID: 0}
  m_PrefabAsset: {fileID: 0}
  m_GameObject: {fileID: 9134678553287763970}
  m_LocalRotation: {x: -0, y: -0, z: -0, w: 1}
  m_LocalPosition: {x: 0, y: 0, z: 0}
  m_LocalScale: {x: 1, y: 1, z: 1}
  m_Children:
  - {fileID: 4613855158818127009}
  - {fileID: 8167144568501894675}
  - {fileID: 8175768033675557568}
  - {fileID: 7534768911412197658}
  - {fileID: 3286734937255790289}
  m_Father: {fileID: 8790808057279937171}
  m_RootOrder: 1
  m_LocalEulerAnglesHint: {x: 0, y: 0, z: 0}
--- !u!1001 &229957645382704302
PrefabInstance:
  m_ObjectHideFlags: 0
  serializedVersion: 2
  m_Modification:
    m_TransformParent: {fileID: 3197318113286937814}
    m_Modifications:
    - target: {fileID: 113938, guid: 5b3cc55650f95e34797ed0af9c57110a, type: 3}
      propertyPath: m_Name
      value: floor_item
      objectReference: {fileID: 0}
    - target: {fileID: 456548, guid: 5b3cc55650f95e34797ed0af9c57110a, type: 3}
      propertyPath: m_LocalPosition.x
      value: 0
      objectReference: {fileID: 0}
    - target: {fileID: 456548, guid: 5b3cc55650f95e34797ed0af9c57110a, type: 3}
      propertyPath: m_LocalPosition.y
      value: 0
      objectReference: {fileID: 0}
    - target: {fileID: 456548, guid: 5b3cc55650f95e34797ed0af9c57110a, type: 3}
      propertyPath: m_LocalPosition.z
      value: 0
      objectReference: {fileID: 0}
    - target: {fileID: 456548, guid: 5b3cc55650f95e34797ed0af9c57110a, type: 3}
      propertyPath: m_LocalRotation.x
      value: -0
      objectReference: {fileID: 0}
    - target: {fileID: 456548, guid: 5b3cc55650f95e34797ed0af9c57110a, type: 3}
      propertyPath: m_LocalRotation.y
      value: -0
      objectReference: {fileID: 0}
    - target: {fileID: 456548, guid: 5b3cc55650f95e34797ed0af9c57110a, type: 3}
      propertyPath: m_LocalRotation.z
      value: -0
      objectReference: {fileID: 0}
    - target: {fileID: 456548, guid: 5b3cc55650f95e34797ed0af9c57110a, type: 3}
      propertyPath: m_LocalRotation.w
      value: 1
      objectReference: {fileID: 0}
    - target: {fileID: 456548, guid: 5b3cc55650f95e34797ed0af9c57110a, type: 3}
      propertyPath: m_RootOrder
      value: 0
      objectReference: {fileID: 0}
    - target: {fileID: 456548, guid: 5b3cc55650f95e34797ed0af9c57110a, type: 3}
      propertyPath: m_LocalEulerAnglesHint.x
      value: 0
      objectReference: {fileID: 0}
    - target: {fileID: 456548, guid: 5b3cc55650f95e34797ed0af9c57110a, type: 3}
      propertyPath: m_LocalEulerAnglesHint.y
      value: 0
      objectReference: {fileID: 0}
    - target: {fileID: 456548, guid: 5b3cc55650f95e34797ed0af9c57110a, type: 3}
      propertyPath: m_LocalEulerAnglesHint.z
      value: 0
      objectReference: {fileID: 0}
    m_RemovedComponents: []
  m_SourcePrefab: {fileID: 100100000, guid: 5b3cc55650f95e34797ed0af9c57110a, type: 3}
--- !u!4 &229957645382790090 stripped
Transform:
  m_CorrespondingSourceObject: {fileID: 456548, guid: 5b3cc55650f95e34797ed0af9c57110a,
    type: 3}
  m_PrefabInstance: {fileID: 229957645382704302}
  m_PrefabAsset: {fileID: 0}
--- !u!1001 &309901874017524887
PrefabInstance:
  m_ObjectHideFlags: 0
  serializedVersion: 2
  m_Modification:
    m_TransformParent: {fileID: 3197318113286937814}
    m_Modifications:
    - target: {fileID: 146124, guid: 6812e31ceb91fc04da03973c6b1054cd, type: 3}
      propertyPath: m_Name
      value: floor_item
      objectReference: {fileID: 0}
    - target: {fileID: 434982, guid: 6812e31ceb91fc04da03973c6b1054cd, type: 3}
      propertyPath: m_LocalPosition.x
      value: 0
      objectReference: {fileID: 0}
    - target: {fileID: 434982, guid: 6812e31ceb91fc04da03973c6b1054cd, type: 3}
      propertyPath: m_LocalPosition.y
      value: 0
      objectReference: {fileID: 0}
    - target: {fileID: 434982, guid: 6812e31ceb91fc04da03973c6b1054cd, type: 3}
      propertyPath: m_LocalPosition.z
      value: 4
      objectReference: {fileID: 0}
    - target: {fileID: 434982, guid: 6812e31ceb91fc04da03973c6b1054cd, type: 3}
      propertyPath: m_LocalRotation.x
      value: 0
      objectReference: {fileID: 0}
    - target: {fileID: 434982, guid: 6812e31ceb91fc04da03973c6b1054cd, type: 3}
      propertyPath: m_LocalRotation.y
      value: 0.7071068
      objectReference: {fileID: 0}
    - target: {fileID: 434982, guid: 6812e31ceb91fc04da03973c6b1054cd, type: 3}
      propertyPath: m_LocalRotation.z
      value: 0
      objectReference: {fileID: 0}
    - target: {fileID: 434982, guid: 6812e31ceb91fc04da03973c6b1054cd, type: 3}
      propertyPath: m_LocalRotation.w
      value: 0.7071068
      objectReference: {fileID: 0}
    - target: {fileID: 434982, guid: 6812e31ceb91fc04da03973c6b1054cd, type: 3}
      propertyPath: m_RootOrder
      value: 2
      objectReference: {fileID: 0}
    - target: {fileID: 434982, guid: 6812e31ceb91fc04da03973c6b1054cd, type: 3}
      propertyPath: m_LocalEulerAnglesHint.x
      value: 0
      objectReference: {fileID: 0}
    - target: {fileID: 434982, guid: 6812e31ceb91fc04da03973c6b1054cd, type: 3}
      propertyPath: m_LocalEulerAnglesHint.y
      value: 90
      objectReference: {fileID: 0}
    - target: {fileID: 434982, guid: 6812e31ceb91fc04da03973c6b1054cd, type: 3}
      propertyPath: m_LocalEulerAnglesHint.z
      value: 0
      objectReference: {fileID: 0}
    m_RemovedComponents: []
  m_SourcePrefab: {fileID: 100100000, guid: 6812e31ceb91fc04da03973c6b1054cd, type: 3}
--- !u!4 &309901874017632177 stripped
Transform:
  m_CorrespondingSourceObject: {fileID: 434982, guid: 6812e31ceb91fc04da03973c6b1054cd,
    type: 3}
  m_PrefabInstance: {fileID: 309901874017524887}
  m_PrefabAsset: {fileID: 0}
--- !u!1001 &567228682402003973
PrefabInstance:
  m_ObjectHideFlags: 0
  serializedVersion: 2
  m_Modification:
    m_TransformParent: {fileID: 1758246129564980636}
    m_Modifications:
    - target: {fileID: 127446, guid: 2216270888a4ced48b33b7b5641611e6, type: 3}
      propertyPath: m_Name
      value: wall
      objectReference: {fileID: 0}
    - target: {fileID: 469584, guid: 2216270888a4ced48b33b7b5641611e6, type: 3}
      propertyPath: m_LocalPosition.x
      value: 6
      objectReference: {fileID: 0}
    - target: {fileID: 469584, guid: 2216270888a4ced48b33b7b5641611e6, type: 3}
      propertyPath: m_LocalPosition.y
      value: 0
      objectReference: {fileID: 0}
    - target: {fileID: 469584, guid: 2216270888a4ced48b33b7b5641611e6, type: 3}
      propertyPath: m_LocalPosition.z
      value: 0
      objectReference: {fileID: 0}
    - target: {fileID: 469584, guid: 2216270888a4ced48b33b7b5641611e6, type: 3}
      propertyPath: m_LocalRotation.x
      value: 0
      objectReference: {fileID: 0}
    - target: {fileID: 469584, guid: 2216270888a4ced48b33b7b5641611e6, type: 3}
      propertyPath: m_LocalRotation.y
      value: 0.7071068
      objectReference: {fileID: 0}
    - target: {fileID: 469584, guid: 2216270888a4ced48b33b7b5641611e6, type: 3}
      propertyPath: m_LocalRotation.z
      value: 0
      objectReference: {fileID: 0}
    - target: {fileID: 469584, guid: 2216270888a4ced48b33b7b5641611e6, type: 3}
      propertyPath: m_LocalRotation.w
      value: 0.7071068
      objectReference: {fileID: 0}
    - target: {fileID: 469584, guid: 2216270888a4ced48b33b7b5641611e6, type: 3}
      propertyPath: m_RootOrder
      value: 0
      objectReference: {fileID: 0}
    - target: {fileID: 469584, guid: 2216270888a4ced48b33b7b5641611e6, type: 3}
      propertyPath: m_LocalEulerAnglesHint.x
      value: 0
      objectReference: {fileID: 0}
    - target: {fileID: 469584, guid: 2216270888a4ced48b33b7b5641611e6, type: 3}
      propertyPath: m_LocalEulerAnglesHint.y
      value: 90
      objectReference: {fileID: 0}
    - target: {fileID: 469584, guid: 2216270888a4ced48b33b7b5641611e6, type: 3}
      propertyPath: m_LocalEulerAnglesHint.z
      value: 0
      objectReference: {fileID: 0}
    m_RemovedComponents: []
  m_SourcePrefab: {fileID: 100100000, guid: 2216270888a4ced48b33b7b5641611e6, type: 3}
--- !u!4 &567228682402059861 stripped
Transform:
  m_CorrespondingSourceObject: {fileID: 469584, guid: 2216270888a4ced48b33b7b5641611e6,
    type: 3}
  m_PrefabInstance: {fileID: 567228682402003973}
  m_PrefabAsset: {fileID: 0}
--- !u!1001 &642822030630895931
PrefabInstance:
  m_ObjectHideFlags: 0
  serializedVersion: 2
  m_Modification:
    m_TransformParent: {fileID: 1758246129564980636}
    m_Modifications:
    - target: {fileID: 135284, guid: a5cd29a93d7ae2d488fa0376d0d08462, type: 3}
      propertyPath: m_Name
      value: wall
      objectReference: {fileID: 0}
    - target: {fileID: 428906, guid: a5cd29a93d7ae2d488fa0376d0d08462, type: 3}
      propertyPath: m_LocalPosition.x
      value: -2
      objectReference: {fileID: 0}
    - target: {fileID: 428906, guid: a5cd29a93d7ae2d488fa0376d0d08462, type: 3}
      propertyPath: m_LocalPosition.y
      value: 0
      objectReference: {fileID: 0}
    - target: {fileID: 428906, guid: a5cd29a93d7ae2d488fa0376d0d08462, type: 3}
      propertyPath: m_LocalPosition.z
      value: 0
      objectReference: {fileID: 0}
    - target: {fileID: 428906, guid: a5cd29a93d7ae2d488fa0376d0d08462, type: 3}
      propertyPath: m_LocalRotation.x
      value: 0
      objectReference: {fileID: 0}
    - target: {fileID: 428906, guid: a5cd29a93d7ae2d488fa0376d0d08462, type: 3}
      propertyPath: m_LocalRotation.y
      value: 0.7071068
      objectReference: {fileID: 0}
    - target: {fileID: 428906, guid: a5cd29a93d7ae2d488fa0376d0d08462, type: 3}
      propertyPath: m_LocalRotation.z
      value: 0
      objectReference: {fileID: 0}
    - target: {fileID: 428906, guid: a5cd29a93d7ae2d488fa0376d0d08462, type: 3}
      propertyPath: m_LocalRotation.w
      value: 0.7071068
      objectReference: {fileID: 0}
    - target: {fileID: 428906, guid: a5cd29a93d7ae2d488fa0376d0d08462, type: 3}
      propertyPath: m_RootOrder
      value: 5
      objectReference: {fileID: 0}
    - target: {fileID: 428906, guid: a5cd29a93d7ae2d488fa0376d0d08462, type: 3}
      propertyPath: m_LocalEulerAnglesHint.x
      value: 0
      objectReference: {fileID: 0}
    - target: {fileID: 428906, guid: a5cd29a93d7ae2d488fa0376d0d08462, type: 3}
      propertyPath: m_LocalEulerAnglesHint.y
      value: 90
      objectReference: {fileID: 0}
    - target: {fileID: 428906, guid: a5cd29a93d7ae2d488fa0376d0d08462, type: 3}
      propertyPath: m_LocalEulerAnglesHint.z
      value: 0
      objectReference: {fileID: 0}
    m_RemovedComponents: []
  m_SourcePrefab: {fileID: 100100000, guid: a5cd29a93d7ae2d488fa0376d0d08462, type: 3}
--- !u!4 &642822030630734417 stripped
Transform:
  m_CorrespondingSourceObject: {fileID: 428906, guid: a5cd29a93d7ae2d488fa0376d0d08462,
    type: 3}
  m_PrefabInstance: {fileID: 642822030630895931}
  m_PrefabAsset: {fileID: 0}
--- !u!1001 &722464669439463200
PrefabInstance:
  m_ObjectHideFlags: 0
  serializedVersion: 2
  m_Modification:
    m_TransformParent: {fileID: 1758246129564980636}
    m_Modifications:
    - target: {fileID: 127446, guid: 2216270888a4ced48b33b7b5641611e6, type: 3}
      propertyPath: m_Name
      value: wall
      objectReference: {fileID: 0}
    - target: {fileID: 469584, guid: 2216270888a4ced48b33b7b5641611e6, type: 3}
      propertyPath: m_LocalPosition.x
      value: 0
      objectReference: {fileID: 0}
    - target: {fileID: 469584, guid: 2216270888a4ced48b33b7b5641611e6, type: 3}
      propertyPath: m_LocalPosition.y
      value: 0
      objectReference: {fileID: 0}
    - target: {fileID: 469584, guid: 2216270888a4ced48b33b7b5641611e6, type: 3}
      propertyPath: m_LocalPosition.z
      value: 6
      objectReference: {fileID: 0}
    - target: {fileID: 469584, guid: 2216270888a4ced48b33b7b5641611e6, type: 3}
      propertyPath: m_LocalRotation.x
      value: 0
      objectReference: {fileID: 0}
    - target: {fileID: 469584, guid: 2216270888a4ced48b33b7b5641611e6, type: 3}
      propertyPath: m_LocalRotation.y
      value: 0
      objectReference: {fileID: 0}
    - target: {fileID: 469584, guid: 2216270888a4ced48b33b7b5641611e6, type: 3}
      propertyPath: m_LocalRotation.z
      value: 0
      objectReference: {fileID: 0}
    - target: {fileID: 469584, guid: 2216270888a4ced48b33b7b5641611e6, type: 3}
      propertyPath: m_LocalRotation.w
      value: 1
      objectReference: {fileID: 0}
    - target: {fileID: 469584, guid: 2216270888a4ced48b33b7b5641611e6, type: 3}
      propertyPath: m_RootOrder
      value: 1
      objectReference: {fileID: 0}
    - target: {fileID: 469584, guid: 2216270888a4ced48b33b7b5641611e6, type: 3}
      propertyPath: m_LocalEulerAnglesHint.x
      value: 0
      objectReference: {fileID: 0}
    - target: {fileID: 469584, guid: 2216270888a4ced48b33b7b5641611e6, type: 3}
      propertyPath: m_LocalEulerAnglesHint.y
      value: 0
      objectReference: {fileID: 0}
    - target: {fileID: 469584, guid: 2216270888a4ced48b33b7b5641611e6, type: 3}
      propertyPath: m_LocalEulerAnglesHint.z
      value: 0
      objectReference: {fileID: 0}
    m_RemovedComponents: []
  m_SourcePrefab: {fileID: 100100000, guid: 2216270888a4ced48b33b7b5641611e6, type: 3}
--- !u!4 &722464669439272304 stripped
Transform:
  m_CorrespondingSourceObject: {fileID: 469584, guid: 2216270888a4ced48b33b7b5641611e6,
    type: 3}
  m_PrefabInstance: {fileID: 722464669439463200}
  m_PrefabAsset: {fileID: 0}
--- !u!1001 &975577093204723061
PrefabInstance:
  m_ObjectHideFlags: 0
  serializedVersion: 2
  m_Modification:
    m_TransformParent: {fileID: 1758246129564980636}
    m_Modifications:
    - target: {fileID: 135284, guid: a5cd29a93d7ae2d488fa0376d0d08462, type: 3}
      propertyPath: m_Name
      value: wall
      objectReference: {fileID: 0}
    - target: {fileID: 428906, guid: a5cd29a93d7ae2d488fa0376d0d08462, type: 3}
      propertyPath: m_LocalPosition.x
      value: 0
      objectReference: {fileID: 0}
    - target: {fileID: 428906, guid: a5cd29a93d7ae2d488fa0376d0d08462, type: 3}
      propertyPath: m_LocalPosition.y
      value: 0
      objectReference: {fileID: 0}
    - target: {fileID: 428906, guid: a5cd29a93d7ae2d488fa0376d0d08462, type: 3}
      propertyPath: m_LocalPosition.z
      value: -2
      objectReference: {fileID: 0}
    - target: {fileID: 428906, guid: a5cd29a93d7ae2d488fa0376d0d08462, type: 3}
      propertyPath: m_LocalRotation.x
      value: 0
      objectReference: {fileID: 0}
    - target: {fileID: 428906, guid: a5cd29a93d7ae2d488fa0376d0d08462, type: 3}
      propertyPath: m_LocalRotation.y
      value: 0
      objectReference: {fileID: 0}
    - target: {fileID: 428906, guid: a5cd29a93d7ae2d488fa0376d0d08462, type: 3}
      propertyPath: m_LocalRotation.z
      value: 0
      objectReference: {fileID: 0}
    - target: {fileID: 428906, guid: a5cd29a93d7ae2d488fa0376d0d08462, type: 3}
      propertyPath: m_LocalRotation.w
      value: 1
      objectReference: {fileID: 0}
    - target: {fileID: 428906, guid: a5cd29a93d7ae2d488fa0376d0d08462, type: 3}
      propertyPath: m_RootOrder
      value: 4
      objectReference: {fileID: 0}
    - target: {fileID: 428906, guid: a5cd29a93d7ae2d488fa0376d0d08462, type: 3}
      propertyPath: m_LocalEulerAnglesHint.x
      value: 0
      objectReference: {fileID: 0}
    - target: {fileID: 428906, guid: a5cd29a93d7ae2d488fa0376d0d08462, type: 3}
      propertyPath: m_LocalEulerAnglesHint.y
      value: 0
      objectReference: {fileID: 0}
    - target: {fileID: 428906, guid: a5cd29a93d7ae2d488fa0376d0d08462, type: 3}
      propertyPath: m_LocalEulerAnglesHint.z
      value: 0
      objectReference: {fileID: 0}
    m_RemovedComponents: []
  m_SourcePrefab: {fileID: 100100000, guid: a5cd29a93d7ae2d488fa0376d0d08462, type: 3}
--- !u!4 &975577093205085727 stripped
Transform:
  m_CorrespondingSourceObject: {fileID: 428906, guid: a5cd29a93d7ae2d488fa0376d0d08462,
    type: 3}
  m_PrefabInstance: {fileID: 975577093204723061}
  m_PrefabAsset: {fileID: 0}
--- !u!1001 &1165598813557288353
PrefabInstance:
  m_ObjectHideFlags: 0
  serializedVersion: 2
  m_Modification:
    m_TransformParent: {fileID: 3197318113286937814}
    m_Modifications:
    - target: {fileID: 146124, guid: 6812e31ceb91fc04da03973c6b1054cd, type: 3}
      propertyPath: m_Name
      value: floor_item
      objectReference: {fileID: 0}
    - target: {fileID: 434982, guid: 6812e31ceb91fc04da03973c6b1054cd, type: 3}
      propertyPath: m_LocalPosition.x
      value: 4
      objectReference: {fileID: 0}
    - target: {fileID: 434982, guid: 6812e31ceb91fc04da03973c6b1054cd, type: 3}
      propertyPath: m_LocalPosition.y
      value: 0
      objectReference: {fileID: 0}
    - target: {fileID: 434982, guid: 6812e31ceb91fc04da03973c6b1054cd, type: 3}
      propertyPath: m_LocalPosition.z
      value: 0
      objectReference: {fileID: 0}
    - target: {fileID: 434982, guid: 6812e31ceb91fc04da03973c6b1054cd, type: 3}
      propertyPath: m_LocalRotation.x
      value: -0
      objectReference: {fileID: 0}
    - target: {fileID: 434982, guid: 6812e31ceb91fc04da03973c6b1054cd, type: 3}
      propertyPath: m_LocalRotation.y
      value: -0
      objectReference: {fileID: 0}
    - target: {fileID: 434982, guid: 6812e31ceb91fc04da03973c6b1054cd, type: 3}
      propertyPath: m_LocalRotation.z
      value: -0
      objectReference: {fileID: 0}
    - target: {fileID: 434982, guid: 6812e31ceb91fc04da03973c6b1054cd, type: 3}
      propertyPath: m_LocalRotation.w
      value: 1
      objectReference: {fileID: 0}
    - target: {fileID: 434982, guid: 6812e31ceb91fc04da03973c6b1054cd, type: 3}
      propertyPath: m_RootOrder
      value: 1
      objectReference: {fileID: 0}
    - target: {fileID: 434982, guid: 6812e31ceb91fc04da03973c6b1054cd, type: 3}
      propertyPath: m_LocalEulerAnglesHint.x
      value: 0
      objectReference: {fileID: 0}
    - target: {fileID: 434982, guid: 6812e31ceb91fc04da03973c6b1054cd, type: 3}
      propertyPath: m_LocalEulerAnglesHint.y
      value: 0
      objectReference: {fileID: 0}
    - target: {fileID: 434982, guid: 6812e31ceb91fc04da03973c6b1054cd, type: 3}
      propertyPath: m_LocalEulerAnglesHint.z
      value: 0
      objectReference: {fileID: 0}
    m_RemovedComponents: []
  m_SourcePrefab: {fileID: 100100000, guid: 6812e31ceb91fc04da03973c6b1054cd, type: 3}
--- !u!4 &1165598813557378695 stripped
Transform:
  m_CorrespondingSourceObject: {fileID: 434982, guid: 6812e31ceb91fc04da03973c6b1054cd,
    type: 3}
  m_PrefabInstance: {fileID: 1165598813557288353}
  m_PrefabAsset: {fileID: 0}
--- !u!1001 &1447742015849819393
PrefabInstance:
  m_ObjectHideFlags: 0
  serializedVersion: 2
  m_Modification:
    m_TransformParent: {fileID: 1758246129564980636}
    m_Modifications:
    - target: {fileID: 135284, guid: a5cd29a93d7ae2d488fa0376d0d08462, type: 3}
      propertyPath: m_Name
      value: wall
      objectReference: {fileID: 0}
    - target: {fileID: 428906, guid: a5cd29a93d7ae2d488fa0376d0d08462, type: 3}
      propertyPath: m_LocalPosition.x
      value: 0
      objectReference: {fileID: 0}
    - target: {fileID: 428906, guid: a5cd29a93d7ae2d488fa0376d0d08462, type: 3}
      propertyPath: m_LocalPosition.y
      value: 4
      objectReference: {fileID: 0}
    - target: {fileID: 428906, guid: a5cd29a93d7ae2d488fa0376d0d08462, type: 3}
      propertyPath: m_LocalPosition.z
      value: -2
      objectReference: {fileID: 0}
    - target: {fileID: 428906, guid: a5cd29a93d7ae2d488fa0376d0d08462, type: 3}
      propertyPath: m_LocalRotation.x
      value: 0
      objectReference: {fileID: 0}
    - target: {fileID: 428906, guid: a5cd29a93d7ae2d488fa0376d0d08462, type: 3}
      propertyPath: m_LocalRotation.y
      value: 0
      objectReference: {fileID: 0}
    - target: {fileID: 428906, guid: a5cd29a93d7ae2d488fa0376d0d08462, type: 3}
      propertyPath: m_LocalRotation.z
      value: 0
      objectReference: {fileID: 0}
    - target: {fileID: 428906, guid: a5cd29a93d7ae2d488fa0376d0d08462, type: 3}
      propertyPath: m_LocalRotation.w
      value: 1
      objectReference: {fileID: 0}
    - target: {fileID: 428906, guid: a5cd29a93d7ae2d488fa0376d0d08462, type: 3}
      propertyPath: m_RootOrder
      value: 10
      objectReference: {fileID: 0}
    - target: {fileID: 428906, guid: a5cd29a93d7ae2d488fa0376d0d08462, type: 3}
      propertyPath: m_LocalEulerAnglesHint.x
      value: 0
      objectReference: {fileID: 0}
    - target: {fileID: 428906, guid: a5cd29a93d7ae2d488fa0376d0d08462, type: 3}
      propertyPath: m_LocalEulerAnglesHint.y
      value: 0
      objectReference: {fileID: 0}
    - target: {fileID: 428906, guid: a5cd29a93d7ae2d488fa0376d0d08462, type: 3}
      propertyPath: m_LocalEulerAnglesHint.z
      value: 0
      objectReference: {fileID: 0}
    m_RemovedComponents: []
  m_SourcePrefab: {fileID: 100100000, guid: a5cd29a93d7ae2d488fa0376d0d08462, type: 3}
--- !u!4 &1447742015849916011 stripped
Transform:
  m_CorrespondingSourceObject: {fileID: 428906, guid: a5cd29a93d7ae2d488fa0376d0d08462,
    type: 3}
  m_PrefabInstance: {fileID: 1447742015849819393}
  m_PrefabAsset: {fileID: 0}
--- !u!1001 &1470378185042683978
PrefabInstance:
  m_ObjectHideFlags: 0
  serializedVersion: 2
  m_Modification:
    m_TransformParent: {fileID: 1758246129564980636}
    m_Modifications:
    - target: {fileID: 135284, guid: a5cd29a93d7ae2d488fa0376d0d08462, type: 3}
      propertyPath: m_Name
      value: wall
      objectReference: {fileID: 0}
    - target: {fileID: 428906, guid: a5cd29a93d7ae2d488fa0376d0d08462, type: 3}
      propertyPath: m_LocalPosition.x
      value: 4
      objectReference: {fileID: 0}
    - target: {fileID: 428906, guid: a5cd29a93d7ae2d488fa0376d0d08462, type: 3}
      propertyPath: m_LocalPosition.y
      value: 4
      objectReference: {fileID: 0}
    - target: {fileID: 428906, guid: a5cd29a93d7ae2d488fa0376d0d08462, type: 3}
      propertyPath: m_LocalPosition.z
      value: -2
      objectReference: {fileID: 0}
    - target: {fileID: 428906, guid: a5cd29a93d7ae2d488fa0376d0d08462, type: 3}
      propertyPath: m_LocalRotation.x
      value: 0
      objectReference: {fileID: 0}
    - target: {fileID: 428906, guid: a5cd29a93d7ae2d488fa0376d0d08462, type: 3}
      propertyPath: m_LocalRotation.y
      value: 0
      objectReference: {fileID: 0}
    - target: {fileID: 428906, guid: a5cd29a93d7ae2d488fa0376d0d08462, type: 3}
      propertyPath: m_LocalRotation.z
      value: 0
      objectReference: {fileID: 0}
    - target: {fileID: 428906, guid: a5cd29a93d7ae2d488fa0376d0d08462, type: 3}
      propertyPath: m_LocalRotation.w
      value: 1
      objectReference: {fileID: 0}
    - target: {fileID: 428906, guid: a5cd29a93d7ae2d488fa0376d0d08462, type: 3}
      propertyPath: m_RootOrder
      value: 9
      objectReference: {fileID: 0}
    - target: {fileID: 428906, guid: a5cd29a93d7ae2d488fa0376d0d08462, type: 3}
      propertyPath: m_LocalEulerAnglesHint.x
      value: 0
      objectReference: {fileID: 0}
    - target: {fileID: 428906, guid: a5cd29a93d7ae2d488fa0376d0d08462, type: 3}
      propertyPath: m_LocalEulerAnglesHint.y
      value: 0
      objectReference: {fileID: 0}
    - target: {fileID: 428906, guid: a5cd29a93d7ae2d488fa0376d0d08462, type: 3}
      propertyPath: m_LocalEulerAnglesHint.z
      value: 0
      objectReference: {fileID: 0}
    m_RemovedComponents: []
  m_SourcePrefab: {fileID: 100100000, guid: a5cd29a93d7ae2d488fa0376d0d08462, type: 3}
--- !u!4 &1470378185042780960 stripped
Transform:
  m_CorrespondingSourceObject: {fileID: 428906, guid: a5cd29a93d7ae2d488fa0376d0d08462,
    type: 3}
  m_PrefabInstance: {fileID: 1470378185042683978}
  m_PrefabAsset: {fileID: 0}
--- !u!1001 &1910943861671772712
PrefabInstance:
  m_ObjectHideFlags: 0
  serializedVersion: 2
  m_Modification:
    m_TransformParent: {fileID: 3286734937255790289}
    m_Modifications:
    - target: {fileID: 100000, guid: a39d814f15db1874aa26081d239b1b10, type: 3}
      propertyPath: m_Name
      value: art_6
      objectReference: {fileID: 0}
    - target: {fileID: 400000, guid: a39d814f15db1874aa26081d239b1b10, type: 3}
      propertyPath: m_LocalPosition.x
      value: 0
      objectReference: {fileID: 0}
    - target: {fileID: 400000, guid: a39d814f15db1874aa26081d239b1b10, type: 3}
      propertyPath: m_LocalPosition.y
      value: 4
      objectReference: {fileID: 0}
    - target: {fileID: 400000, guid: a39d814f15db1874aa26081d239b1b10, type: 3}
      propertyPath: m_LocalPosition.z
      value: 0
      objectReference: {fileID: 0}
    - target: {fileID: 400000, guid: a39d814f15db1874aa26081d239b1b10, type: 3}
      propertyPath: m_LocalRotation.x
      value: -0
      objectReference: {fileID: 0}
    - target: {fileID: 400000, guid: a39d814f15db1874aa26081d239b1b10, type: 3}
      propertyPath: m_LocalRotation.y
      value: -0
      objectReference: {fileID: 0}
    - target: {fileID: 400000, guid: a39d814f15db1874aa26081d239b1b10, type: 3}
      propertyPath: m_LocalRotation.z
      value: -0
      objectReference: {fileID: 0}
    - target: {fileID: 400000, guid: a39d814f15db1874aa26081d239b1b10, type: 3}
      propertyPath: m_LocalRotation.w
      value: 1
      objectReference: {fileID: 0}
    - target: {fileID: 400000, guid: a39d814f15db1874aa26081d239b1b10, type: 3}
      propertyPath: m_RootOrder
      value: 0
      objectReference: {fileID: 0}
    - target: {fileID: 400000, guid: a39d814f15db1874aa26081d239b1b10, type: 3}
      propertyPath: m_LocalEulerAnglesHint.x
      value: 0
      objectReference: {fileID: 0}
    - target: {fileID: 400000, guid: a39d814f15db1874aa26081d239b1b10, type: 3}
      propertyPath: m_LocalEulerAnglesHint.y
      value: 0
      objectReference: {fileID: 0}
    - target: {fileID: 400000, guid: a39d814f15db1874aa26081d239b1b10, type: 3}
      propertyPath: m_LocalEulerAnglesHint.z
      value: 0
      objectReference: {fileID: 0}
    - target: {fileID: 400000, guid: a39d814f15db1874aa26081d239b1b10, type: 3}
      propertyPath: m_LocalScale.x
      value: 6.666666
      objectReference: {fileID: 0}
    - target: {fileID: 400000, guid: a39d814f15db1874aa26081d239b1b10, type: 3}
      propertyPath: m_LocalScale.y
      value: 6.666666
      objectReference: {fileID: 0}
    - target: {fileID: 400000, guid: a39d814f15db1874aa26081d239b1b10, type: 3}
      propertyPath: m_LocalScale.z
      value: 6.666666
      objectReference: {fileID: 0}
    m_RemovedComponents: []
  m_SourcePrefab: {fileID: 100100000, guid: a39d814f15db1874aa26081d239b1b10, type: 3}
--- !u!1001 &2766545697896724932
PrefabInstance:
  m_ObjectHideFlags: 0
  serializedVersion: 2
  m_Modification:
    m_TransformParent: {fileID: 1758246129564980636}
    m_Modifications:
    - target: {fileID: 135284, guid: a5cd29a93d7ae2d488fa0376d0d08462, type: 3}
      propertyPath: m_Name
      value: wall
      objectReference: {fileID: 0}
    - target: {fileID: 428906, guid: a5cd29a93d7ae2d488fa0376d0d08462, type: 3}
      propertyPath: m_LocalPosition.x
      value: 4
      objectReference: {fileID: 0}
    - target: {fileID: 428906, guid: a5cd29a93d7ae2d488fa0376d0d08462, type: 3}
      propertyPath: m_LocalPosition.y
      value: 0
      objectReference: {fileID: 0}
    - target: {fileID: 428906, guid: a5cd29a93d7ae2d488fa0376d0d08462, type: 3}
      propertyPath: m_LocalPosition.z
      value: -2
      objectReference: {fileID: 0}
    - target: {fileID: 428906, guid: a5cd29a93d7ae2d488fa0376d0d08462, type: 3}
      propertyPath: m_LocalRotation.x
      value: 0
      objectReference: {fileID: 0}
    - target: {fileID: 428906, guid: a5cd29a93d7ae2d488fa0376d0d08462, type: 3}
      propertyPath: m_LocalRotation.y
      value: 0
      objectReference: {fileID: 0}
    - target: {fileID: 428906, guid: a5cd29a93d7ae2d488fa0376d0d08462, type: 3}
      propertyPath: m_LocalRotation.z
      value: 0
      objectReference: {fileID: 0}
    - target: {fileID: 428906, guid: a5cd29a93d7ae2d488fa0376d0d08462, type: 3}
      propertyPath: m_LocalRotation.w
      value: 1
      objectReference: {fileID: 0}
    - target: {fileID: 428906, guid: a5cd29a93d7ae2d488fa0376d0d08462, type: 3}
      propertyPath: m_RootOrder
      value: 3
      objectReference: {fileID: 0}
    - target: {fileID: 428906, guid: a5cd29a93d7ae2d488fa0376d0d08462, type: 3}
      propertyPath: m_LocalEulerAnglesHint.x
      value: 0
      objectReference: {fileID: 0}
    - target: {fileID: 428906, guid: a5cd29a93d7ae2d488fa0376d0d08462, type: 3}
      propertyPath: m_LocalEulerAnglesHint.y
      value: 0
      objectReference: {fileID: 0}
    - target: {fileID: 428906, guid: a5cd29a93d7ae2d488fa0376d0d08462, type: 3}
      propertyPath: m_LocalEulerAnglesHint.z
      value: 0
      objectReference: {fileID: 0}
    m_RemovedComponents: []
  m_SourcePrefab: {fileID: 100100000, guid: a5cd29a93d7ae2d488fa0376d0d08462, type: 3}
--- !u!4 &2766545697896559278 stripped
Transform:
  m_CorrespondingSourceObject: {fileID: 428906, guid: a5cd29a93d7ae2d488fa0376d0d08462,
    type: 3}
  m_PrefabInstance: {fileID: 2766545697896724932}
  m_PrefabAsset: {fileID: 0}
--- !u!1001 &2878578403045645125
PrefabInstance:
  m_ObjectHideFlags: 0
  serializedVersion: 2
  m_Modification:
    m_TransformParent: {fileID: 1399902149273994642}
    m_Modifications:
    - target: {fileID: 146124, guid: 6812e31ceb91fc04da03973c6b1054cd, type: 3}
      propertyPath: m_Name
      value: ceeling_item
      objectReference: {fileID: 0}
    - target: {fileID: 434982, guid: 6812e31ceb91fc04da03973c6b1054cd, type: 3}
      propertyPath: m_LocalPosition.x
      value: 4
      objectReference: {fileID: 0}
    - target: {fileID: 434982, guid: 6812e31ceb91fc04da03973c6b1054cd, type: 3}
      propertyPath: m_LocalPosition.y
      value: 0
      objectReference: {fileID: 0}
    - target: {fileID: 434982, guid: 6812e31ceb91fc04da03973c6b1054cd, type: 3}
      propertyPath: m_LocalPosition.z
      value: 0
      objectReference: {fileID: 0}
    - target: {fileID: 434982, guid: 6812e31ceb91fc04da03973c6b1054cd, type: 3}
      propertyPath: m_LocalRotation.x
      value: -0
      objectReference: {fileID: 0}
    - target: {fileID: 434982, guid: 6812e31ceb91fc04da03973c6b1054cd, type: 3}
      propertyPath: m_LocalRotation.y
      value: -0
      objectReference: {fileID: 0}
    - target: {fileID: 434982, guid: 6812e31ceb91fc04da03973c6b1054cd, type: 3}
      propertyPath: m_LocalRotation.z
      value: -0
      objectReference: {fileID: 0}
    - target: {fileID: 434982, guid: 6812e31ceb91fc04da03973c6b1054cd, type: 3}
      propertyPath: m_LocalRotation.w
      value: 1
      objectReference: {fileID: 0}
    - target: {fileID: 434982, guid: 6812e31ceb91fc04da03973c6b1054cd, type: 3}
      propertyPath: m_RootOrder
      value: 2
      objectReference: {fileID: 0}
    - target: {fileID: 434982, guid: 6812e31ceb91fc04da03973c6b1054cd, type: 3}
      propertyPath: m_LocalEulerAnglesHint.x
      value: 0
      objectReference: {fileID: 0}
    - target: {fileID: 434982, guid: 6812e31ceb91fc04da03973c6b1054cd, type: 3}
      propertyPath: m_LocalEulerAnglesHint.y
      value: 0
      objectReference: {fileID: 0}
    - target: {fileID: 434982, guid: 6812e31ceb91fc04da03973c6b1054cd, type: 3}
      propertyPath: m_LocalEulerAnglesHint.z
      value: 0
      objectReference: {fileID: 0}
    m_RemovedComponents: []
  m_SourcePrefab: {fileID: 100100000, guid: 6812e31ceb91fc04da03973c6b1054cd, type: 3}
--- !u!4 &2878578403045488739 stripped
Transform:
  m_CorrespondingSourceObject: {fileID: 434982, guid: 6812e31ceb91fc04da03973c6b1054cd,
    type: 3}
  m_PrefabInstance: {fileID: 2878578403045645125}
  m_PrefabAsset: {fileID: 0}
--- !u!1001 &3286734937255402577
PrefabInstance:
  m_ObjectHideFlags: 0
  serializedVersion: 2
  m_Modification:
    m_TransformParent: {fileID: 8587796678109437131}
    m_Modifications:
    - target: {fileID: 100000, guid: 3968c912f8d8eb74db8c60e247cb61e7, type: 3}
      propertyPath: m_Name
      value: battery_big
      objectReference: {fileID: 0}
    - target: {fileID: 400000, guid: 3968c912f8d8eb74db8c60e247cb61e7, type: 3}
      propertyPath: m_LocalPosition.x
      value: 1
      objectReference: {fileID: 0}
    - target: {fileID: 400000, guid: 3968c912f8d8eb74db8c60e247cb61e7, type: 3}
      propertyPath: m_LocalPosition.y
      value: 4
      objectReference: {fileID: 0}
    - target: {fileID: 400000, guid: 3968c912f8d8eb74db8c60e247cb61e7, type: 3}
      propertyPath: m_LocalPosition.z
      value: 1
      objectReference: {fileID: 0}
    - target: {fileID: 400000, guid: 3968c912f8d8eb74db8c60e247cb61e7, type: 3}
      propertyPath: m_LocalRotation.x
      value: -0
      objectReference: {fileID: 0}
    - target: {fileID: 400000, guid: 3968c912f8d8eb74db8c60e247cb61e7, type: 3}
      propertyPath: m_LocalRotation.y
      value: -0
      objectReference: {fileID: 0}
    - target: {fileID: 400000, guid: 3968c912f8d8eb74db8c60e247cb61e7, type: 3}
      propertyPath: m_LocalRotation.z
      value: -0
      objectReference: {fileID: 0}
    - target: {fileID: 400000, guid: 3968c912f8d8eb74db8c60e247cb61e7, type: 3}
      propertyPath: m_LocalRotation.w
      value: 1
      objectReference: {fileID: 0}
    - target: {fileID: 400000, guid: 3968c912f8d8eb74db8c60e247cb61e7, type: 3}
      propertyPath: m_RootOrder
      value: 4
      objectReference: {fileID: 0}
    - target: {fileID: 400000, guid: 3968c912f8d8eb74db8c60e247cb61e7, type: 3}
      propertyPath: m_LocalEulerAnglesHint.x
      value: 0
      objectReference: {fileID: 0}
    - target: {fileID: 400000, guid: 3968c912f8d8eb74db8c60e247cb61e7, type: 3}
      propertyPath: m_LocalEulerAnglesHint.y
      value: 0
      objectReference: {fileID: 0}
    - target: {fileID: 400000, guid: 3968c912f8d8eb74db8c60e247cb61e7, type: 3}
      propertyPath: m_LocalEulerAnglesHint.z
      value: 0
      objectReference: {fileID: 0}
    - target: {fileID: 400000, guid: 3968c912f8d8eb74db8c60e247cb61e7, type: 3}
      propertyPath: m_LocalScale.x
      value: 0.3
      objectReference: {fileID: 0}
    - target: {fileID: 400000, guid: 3968c912f8d8eb74db8c60e247cb61e7, type: 3}
      propertyPath: m_LocalScale.y
      value: 0.3
      objectReference: {fileID: 0}
    - target: {fileID: 400000, guid: 3968c912f8d8eb74db8c60e247cb61e7, type: 3}
      propertyPath: m_LocalScale.z
      value: 0.3
      objectReference: {fileID: 0}
    m_RemovedComponents: []
  m_SourcePrefab: {fileID: 100100000, guid: 3968c912f8d8eb74db8c60e247cb61e7, type: 3}
--- !u!4 &3286734937255790289 stripped
Transform:
  m_CorrespondingSourceObject: {fileID: 400000, guid: 3968c912f8d8eb74db8c60e247cb61e7,
    type: 3}
  m_PrefabInstance: {fileID: 3286734937255402577}
  m_PrefabAsset: {fileID: 0}
--- !u!1001 &3787595995959263915
PrefabInstance:
  m_ObjectHideFlags: 0
  serializedVersion: 2
  m_Modification:
    m_TransformParent: {fileID: 3197318113286937814}
    m_Modifications:
    - target: {fileID: 113938, guid: 5b3cc55650f95e34797ed0af9c57110a, type: 3}
      propertyPath: m_Name
      value: floor_item
      objectReference: {fileID: 0}
    - target: {fileID: 456548, guid: 5b3cc55650f95e34797ed0af9c57110a, type: 3}
      propertyPath: m_LocalPosition.x
      value: 0
      objectReference: {fileID: 0}
    - target: {fileID: 456548, guid: 5b3cc55650f95e34797ed0af9c57110a, type: 3}
      propertyPath: m_LocalPosition.y
      value: 4
      objectReference: {fileID: 0}
    - target: {fileID: 456548, guid: 5b3cc55650f95e34797ed0af9c57110a, type: 3}
      propertyPath: m_LocalPosition.z
      value: 0
      objectReference: {fileID: 0}
    - target: {fileID: 456548, guid: 5b3cc55650f95e34797ed0af9c57110a, type: 3}
      propertyPath: m_LocalRotation.x
      value: -0
      objectReference: {fileID: 0}
    - target: {fileID: 456548, guid: 5b3cc55650f95e34797ed0af9c57110a, type: 3}
      propertyPath: m_LocalRotation.y
      value: -0
      objectReference: {fileID: 0}
    - target: {fileID: 456548, guid: 5b3cc55650f95e34797ed0af9c57110a, type: 3}
      propertyPath: m_LocalRotation.z
      value: -0
      objectReference: {fileID: 0}
    - target: {fileID: 456548, guid: 5b3cc55650f95e34797ed0af9c57110a, type: 3}
      propertyPath: m_LocalRotation.w
      value: 1
      objectReference: {fileID: 0}
    - target: {fileID: 456548, guid: 5b3cc55650f95e34797ed0af9c57110a, type: 3}
      propertyPath: m_RootOrder
      value: 3
      objectReference: {fileID: 0}
    - target: {fileID: 456548, guid: 5b3cc55650f95e34797ed0af9c57110a, type: 3}
      propertyPath: m_LocalEulerAnglesHint.x
      value: 0
      objectReference: {fileID: 0}
    - target: {fileID: 456548, guid: 5b3cc55650f95e34797ed0af9c57110a, type: 3}
      propertyPath: m_LocalEulerAnglesHint.y
      value: 0
      objectReference: {fileID: 0}
    - target: {fileID: 456548, guid: 5b3cc55650f95e34797ed0af9c57110a, type: 3}
      propertyPath: m_LocalEulerAnglesHint.z
      value: 0
      objectReference: {fileID: 0}
    m_RemovedComponents: []
  m_SourcePrefab: {fileID: 100100000, guid: 5b3cc55650f95e34797ed0af9c57110a, type: 3}
--- !u!4 &3787595995959719375 stripped
Transform:
  m_CorrespondingSourceObject: {fileID: 456548, guid: 5b3cc55650f95e34797ed0af9c57110a,
    type: 3}
  m_PrefabInstance: {fileID: 3787595995959263915}
  m_PrefabAsset: {fileID: 0}
--- !u!1001 &4613855158817990177
PrefabInstance:
  m_ObjectHideFlags: 0
  serializedVersion: 2
  m_Modification:
    m_TransformParent: {fileID: 8587796678109437131}
    m_Modifications:
    - target: {fileID: 100000, guid: ce77e936a9505b142a210040b9ab07e0, type: 3}
      propertyPath: m_Name
      value: cabinet_L_cutted
      objectReference: {fileID: 0}
    - target: {fileID: 400000, guid: ce77e936a9505b142a210040b9ab07e0, type: 3}
      propertyPath: m_LocalPosition.x
      value: -2
      objectReference: {fileID: 0}
    - target: {fileID: 400000, guid: ce77e936a9505b142a210040b9ab07e0, type: 3}
      propertyPath: m_LocalPosition.y
      value: 4
      objectReference: {fileID: 0}
    - target: {fileID: 400000, guid: ce77e936a9505b142a210040b9ab07e0, type: 3}
      propertyPath: m_LocalPosition.z
      value: 0
      objectReference: {fileID: 0}
    - target: {fileID: 400000, guid: ce77e936a9505b142a210040b9ab07e0, type: 3}
      propertyPath: m_LocalRotation.x
      value: -0
      objectReference: {fileID: 0}
    - target: {fileID: 400000, guid: ce77e936a9505b142a210040b9ab07e0, type: 3}
      propertyPath: m_LocalRotation.y
      value: 0.7071068
      objectReference: {fileID: 0}
    - target: {fileID: 400000, guid: ce77e936a9505b142a210040b9ab07e0, type: 3}
      propertyPath: m_LocalRotation.z
      value: -0
      objectReference: {fileID: 0}
    - target: {fileID: 400000, guid: ce77e936a9505b142a210040b9ab07e0, type: 3}
      propertyPath: m_LocalRotation.w
      value: 0.7071068
      objectReference: {fileID: 0}
    - target: {fileID: 400000, guid: ce77e936a9505b142a210040b9ab07e0, type: 3}
      propertyPath: m_RootOrder
      value: 0
      objectReference: {fileID: 0}
    - target: {fileID: 400000, guid: ce77e936a9505b142a210040b9ab07e0, type: 3}
      propertyPath: m_LocalEulerAnglesHint.x
      value: 0
      objectReference: {fileID: 0}
    - target: {fileID: 400000, guid: ce77e936a9505b142a210040b9ab07e0, type: 3}
      propertyPath: m_LocalEulerAnglesHint.y
      value: 90
      objectReference: {fileID: 0}
    - target: {fileID: 400000, guid: ce77e936a9505b142a210040b9ab07e0, type: 3}
      propertyPath: m_LocalEulerAnglesHint.z
      value: 0
      objectReference: {fileID: 0}
    - target: {fileID: 400000, guid: ce77e936a9505b142a210040b9ab07e0, type: 3}
      propertyPath: m_LocalScale.x
      value: 0.60000026
      objectReference: {fileID: 0}
    - target: {fileID: 400000, guid: ce77e936a9505b142a210040b9ab07e0, type: 3}
      propertyPath: m_LocalScale.y
      value: 0.6
      objectReference: {fileID: 0}
    - target: {fileID: 400000, guid: ce77e936a9505b142a210040b9ab07e0, type: 3}
      propertyPath: m_LocalScale.z
      value: 0.60000026
      objectReference: {fileID: 0}
    m_RemovedComponents: []
  m_SourcePrefab: {fileID: 100100000, guid: ce77e936a9505b142a210040b9ab07e0, type: 3}
--- !u!4 &4613855158818127009 stripped
Transform:
  m_CorrespondingSourceObject: {fileID: 400000, guid: ce77e936a9505b142a210040b9ab07e0,
    type: 3}
  m_PrefabInstance: {fileID: 4613855158817990177}
  m_PrefabAsset: {fileID: 0}
--- !u!1001 &4837152711161520963
PrefabInstance:
  m_ObjectHideFlags: 0
  serializedVersion: 2
  m_Modification:
    m_TransformParent: {fileID: 1758246129564980636}
    m_Modifications:
    - target: {fileID: 135284, guid: a5cd29a93d7ae2d488fa0376d0d08462, type: 3}
      propertyPath: m_Name
      value: wall
      objectReference: {fileID: 0}
    - target: {fileID: 428906, guid: a5cd29a93d7ae2d488fa0376d0d08462, type: 3}
      propertyPath: m_LocalPosition.x
      value: -2
      objectReference: {fileID: 0}
    - target: {fileID: 428906, guid: a5cd29a93d7ae2d488fa0376d0d08462, type: 3}
      propertyPath: m_LocalPosition.y
      value: 4
      objectReference: {fileID: 0}
    - target: {fileID: 428906, guid: a5cd29a93d7ae2d488fa0376d0d08462, type: 3}
      propertyPath: m_LocalPosition.z
      value: 4
      objectReference: {fileID: 0}
    - target: {fileID: 428906, guid: a5cd29a93d7ae2d488fa0376d0d08462, type: 3}
      propertyPath: m_LocalRotation.x
      value: 0
      objectReference: {fileID: 0}
    - target: {fileID: 428906, guid: a5cd29a93d7ae2d488fa0376d0d08462, type: 3}
      propertyPath: m_LocalRotation.y
      value: 0.7071068
      objectReference: {fileID: 0}
    - target: {fileID: 428906, guid: a5cd29a93d7ae2d488fa0376d0d08462, type: 3}
      propertyPath: m_LocalRotation.z
      value: 0
      objectReference: {fileID: 0}
    - target: {fileID: 428906, guid: a5cd29a93d7ae2d488fa0376d0d08462, type: 3}
      propertyPath: m_LocalRotation.w
      value: 0.7071068
      objectReference: {fileID: 0}
    - target: {fileID: 428906, guid: a5cd29a93d7ae2d488fa0376d0d08462, type: 3}
      propertyPath: m_RootOrder
      value: 12
      objectReference: {fileID: 0}
    - target: {fileID: 428906, guid: a5cd29a93d7ae2d488fa0376d0d08462, type: 3}
      propertyPath: m_LocalEulerAnglesHint.x
      value: 0
      objectReference: {fileID: 0}
    - target: {fileID: 428906, guid: a5cd29a93d7ae2d488fa0376d0d08462, type: 3}
      propertyPath: m_LocalEulerAnglesHint.y
      value: 90
      objectReference: {fileID: 0}
    - target: {fileID: 428906, guid: a5cd29a93d7ae2d488fa0376d0d08462, type: 3}
      propertyPath: m_LocalEulerAnglesHint.z
      value: 0
      objectReference: {fileID: 0}
    m_RemovedComponents: []
  m_SourcePrefab: {fileID: 100100000, guid: a5cd29a93d7ae2d488fa0376d0d08462, type: 3}
--- !u!4 &4837152711161882665 stripped
Transform:
  m_CorrespondingSourceObject: {fileID: 428906, guid: a5cd29a93d7ae2d488fa0376d0d08462,
    type: 3}
  m_PrefabInstance: {fileID: 4837152711161520963}
  m_PrefabAsset: {fileID: 0}
--- !u!1001 &5329153934530135170
PrefabInstance:
  m_ObjectHideFlags: 0
  serializedVersion: 2
  m_Modification:
    m_TransformParent: {fileID: 1758246129564980636}
    m_Modifications:
    - target: {fileID: 135284, guid: a5cd29a93d7ae2d488fa0376d0d08462, type: 3}
      propertyPath: m_Name
      value: wall
      objectReference: {fileID: 0}
    - target: {fileID: 428906, guid: a5cd29a93d7ae2d488fa0376d0d08462, type: 3}
      propertyPath: m_LocalPosition.x
      value: 6
      objectReference: {fileID: 0}
    - target: {fileID: 428906, guid: a5cd29a93d7ae2d488fa0376d0d08462, type: 3}
      propertyPath: m_LocalPosition.y
      value: 4
      objectReference: {fileID: 0}
    - target: {fileID: 428906, guid: a5cd29a93d7ae2d488fa0376d0d08462, type: 3}
      propertyPath: m_LocalPosition.z
      value: 0
      objectReference: {fileID: 0}
    - target: {fileID: 428906, guid: a5cd29a93d7ae2d488fa0376d0d08462, type: 3}
      propertyPath: m_LocalRotation.x
      value: 0
      objectReference: {fileID: 0}
    - target: {fileID: 428906, guid: a5cd29a93d7ae2d488fa0376d0d08462, type: 3}
      propertyPath: m_LocalRotation.y
      value: 0.7071068
      objectReference: {fileID: 0}
    - target: {fileID: 428906, guid: a5cd29a93d7ae2d488fa0376d0d08462, type: 3}
      propertyPath: m_LocalRotation.z
      value: 0
      objectReference: {fileID: 0}
    - target: {fileID: 428906, guid: a5cd29a93d7ae2d488fa0376d0d08462, type: 3}
      propertyPath: m_LocalRotation.w
      value: 0.7071068
      objectReference: {fileID: 0}
    - target: {fileID: 428906, guid: a5cd29a93d7ae2d488fa0376d0d08462, type: 3}
      propertyPath: m_RootOrder
      value: 14
      objectReference: {fileID: 0}
    - target: {fileID: 428906, guid: a5cd29a93d7ae2d488fa0376d0d08462, type: 3}
      propertyPath: m_LocalEulerAnglesHint.x
      value: 0
      objectReference: {fileID: 0}
    - target: {fileID: 428906, guid: a5cd29a93d7ae2d488fa0376d0d08462, type: 3}
      propertyPath: m_LocalEulerAnglesHint.y
      value: 90
      objectReference: {fileID: 0}
    - target: {fileID: 428906, guid: a5cd29a93d7ae2d488fa0376d0d08462, type: 3}
      propertyPath: m_LocalEulerAnglesHint.z
      value: 0
      objectReference: {fileID: 0}
    m_RemovedComponents: []
  m_SourcePrefab: {fileID: 100100000, guid: a5cd29a93d7ae2d488fa0376d0d08462, type: 3}
--- !u!4 &5329153934530301928 stripped
Transform:
  m_CorrespondingSourceObject: {fileID: 428906, guid: a5cd29a93d7ae2d488fa0376d0d08462,
    type: 3}
  m_PrefabInstance: {fileID: 5329153934530135170}
  m_PrefabAsset: {fileID: 0}
--- !u!1001 &5455347720031629004
PrefabInstance:
  m_ObjectHideFlags: 0
  serializedVersion: 2
  m_Modification:
    m_TransformParent: {fileID: 1758246129564980636}
    m_Modifications:
    - target: {fileID: 135284, guid: a5cd29a93d7ae2d488fa0376d0d08462, type: 3}
      propertyPath: m_Name
      value: wall
      objectReference: {fileID: 0}
    - target: {fileID: 428906, guid: a5cd29a93d7ae2d488fa0376d0d08462, type: 3}
      propertyPath: m_LocalPosition.x
      value: 2
      objectReference: {fileID: 0}
    - target: {fileID: 428906, guid: a5cd29a93d7ae2d488fa0376d0d08462, type: 3}
      propertyPath: m_LocalPosition.y
      value: 4
      objectReference: {fileID: 0}
    - target: {fileID: 428906, guid: a5cd29a93d7ae2d488fa0376d0d08462, type: 3}
      propertyPath: m_LocalPosition.z
      value: 4
      objectReference: {fileID: 0}
    - target: {fileID: 428906, guid: a5cd29a93d7ae2d488fa0376d0d08462, type: 3}
      propertyPath: m_LocalRotation.x
      value: 0
      objectReference: {fileID: 0}
    - target: {fileID: 428906, guid: a5cd29a93d7ae2d488fa0376d0d08462, type: 3}
      propertyPath: m_LocalRotation.y
      value: 0.7071068
      objectReference: {fileID: 0}
    - target: {fileID: 428906, guid: a5cd29a93d7ae2d488fa0376d0d08462, type: 3}
      propertyPath: m_LocalRotation.z
      value: 0
      objectReference: {fileID: 0}
    - target: {fileID: 428906, guid: a5cd29a93d7ae2d488fa0376d0d08462, type: 3}
      propertyPath: m_LocalRotation.w
      value: 0.7071068
      objectReference: {fileID: 0}
    - target: {fileID: 428906, guid: a5cd29a93d7ae2d488fa0376d0d08462, type: 3}
      propertyPath: m_RootOrder
      value: 13
      objectReference: {fileID: 0}
    - target: {fileID: 428906, guid: a5cd29a93d7ae2d488fa0376d0d08462, type: 3}
      propertyPath: m_LocalEulerAnglesHint.x
      value: 0
      objectReference: {fileID: 0}
    - target: {fileID: 428906, guid: a5cd29a93d7ae2d488fa0376d0d08462, type: 3}
      propertyPath: m_LocalEulerAnglesHint.y
      value: 90
      objectReference: {fileID: 0}
    - target: {fileID: 428906, guid: a5cd29a93d7ae2d488fa0376d0d08462, type: 3}
      propertyPath: m_LocalEulerAnglesHint.z
      value: 0
      objectReference: {fileID: 0}
    m_RemovedComponents: []
  m_SourcePrefab: {fileID: 100100000, guid: a5cd29a93d7ae2d488fa0376d0d08462, type: 3}
--- !u!4 &5455347720031987110 stripped
Transform:
  m_CorrespondingSourceObject: {fileID: 428906, guid: a5cd29a93d7ae2d488fa0376d0d08462,
    type: 3}
  m_PrefabInstance: {fileID: 5455347720031629004}
  m_PrefabAsset: {fileID: 0}
--- !u!1001 &5577074461433697153
PrefabInstance:
  m_ObjectHideFlags: 0
  serializedVersion: 2
  m_Modification:
    m_TransformParent: {fileID: 1399902149273994642}
    m_Modifications:
    - target: {fileID: 113938, guid: 5b3cc55650f95e34797ed0af9c57110a, type: 3}
      propertyPath: m_Name
      value: ceeling_item
      objectReference: {fileID: 0}
    - target: {fileID: 456548, guid: 5b3cc55650f95e34797ed0af9c57110a, type: 3}
      propertyPath: m_LocalPosition.x
      value: 0
      objectReference: {fileID: 0}
    - target: {fileID: 456548, guid: 5b3cc55650f95e34797ed0af9c57110a, type: 3}
      propertyPath: m_LocalPosition.y
      value: 0
      objectReference: {fileID: 0}
    - target: {fileID: 456548, guid: 5b3cc55650f95e34797ed0af9c57110a, type: 3}
      propertyPath: m_LocalPosition.z
      value: 0
      objectReference: {fileID: 0}
    - target: {fileID: 456548, guid: 5b3cc55650f95e34797ed0af9c57110a, type: 3}
      propertyPath: m_LocalRotation.x
      value: -0
      objectReference: {fileID: 0}
    - target: {fileID: 456548, guid: 5b3cc55650f95e34797ed0af9c57110a, type: 3}
      propertyPath: m_LocalRotation.y
      value: -0
      objectReference: {fileID: 0}
    - target: {fileID: 456548, guid: 5b3cc55650f95e34797ed0af9c57110a, type: 3}
      propertyPath: m_LocalRotation.z
      value: -0
      objectReference: {fileID: 0}
    - target: {fileID: 456548, guid: 5b3cc55650f95e34797ed0af9c57110a, type: 3}
      propertyPath: m_LocalRotation.w
      value: 1
      objectReference: {fileID: 0}
    - target: {fileID: 456548, guid: 5b3cc55650f95e34797ed0af9c57110a, type: 3}
      propertyPath: m_RootOrder
      value: 1
      objectReference: {fileID: 0}
    - target: {fileID: 456548, guid: 5b3cc55650f95e34797ed0af9c57110a, type: 3}
      propertyPath: m_LocalEulerAnglesHint.x
      value: 0
      objectReference: {fileID: 0}
    - target: {fileID: 456548, guid: 5b3cc55650f95e34797ed0af9c57110a, type: 3}
      propertyPath: m_LocalEulerAnglesHint.y
      value: 0
      objectReference: {fileID: 0}
    - target: {fileID: 456548, guid: 5b3cc55650f95e34797ed0af9c57110a, type: 3}
      propertyPath: m_LocalEulerAnglesHint.z
      value: 0
      objectReference: {fileID: 0}
    m_RemovedComponents: []
  m_SourcePrefab: {fileID: 100100000, guid: 5b3cc55650f95e34797ed0af9c57110a, type: 3}
--- !u!4 &5577074461434078437 stripped
Transform:
  m_CorrespondingSourceObject: {fileID: 456548, guid: 5b3cc55650f95e34797ed0af9c57110a,
    type: 3}
  m_PrefabInstance: {fileID: 5577074461433697153}
  m_PrefabAsset: {fileID: 0}
--- !u!1001 &5712431312952144409
PrefabInstance:
  m_ObjectHideFlags: 0
  serializedVersion: 2
  m_Modification:
    m_TransformParent: {fileID: 1758246129564980636}
    m_Modifications:
    - target: {fileID: 135284, guid: a5cd29a93d7ae2d488fa0376d0d08462, type: 3}
      propertyPath: m_Name
      value: wall
      objectReference: {fileID: 0}
    - target: {fileID: 428906, guid: a5cd29a93d7ae2d488fa0376d0d08462, type: 3}
      propertyPath: m_LocalPosition.x
      value: -2
      objectReference: {fileID: 0}
    - target: {fileID: 428906, guid: a5cd29a93d7ae2d488fa0376d0d08462, type: 3}
      propertyPath: m_LocalPosition.y
      value: 4
      objectReference: {fileID: 0}
    - target: {fileID: 428906, guid: a5cd29a93d7ae2d488fa0376d0d08462, type: 3}
      propertyPath: m_LocalPosition.z
      value: 0
      objectReference: {fileID: 0}
    - target: {fileID: 428906, guid: a5cd29a93d7ae2d488fa0376d0d08462, type: 3}
      propertyPath: m_LocalRotation.x
      value: 0
      objectReference: {fileID: 0}
    - target: {fileID: 428906, guid: a5cd29a93d7ae2d488fa0376d0d08462, type: 3}
      propertyPath: m_LocalRotation.y
      value: 0.7071068
      objectReference: {fileID: 0}
    - target: {fileID: 428906, guid: a5cd29a93d7ae2d488fa0376d0d08462, type: 3}
      propertyPath: m_LocalRotation.z
      value: 0
      objectReference: {fileID: 0}
    - target: {fileID: 428906, guid: a5cd29a93d7ae2d488fa0376d0d08462, type: 3}
      propertyPath: m_LocalRotation.w
      value: 0.7071068
      objectReference: {fileID: 0}
    - target: {fileID: 428906, guid: a5cd29a93d7ae2d488fa0376d0d08462, type: 3}
      propertyPath: m_RootOrder
      value: 11
      objectReference: {fileID: 0}
    - target: {fileID: 428906, guid: a5cd29a93d7ae2d488fa0376d0d08462, type: 3}
      propertyPath: m_LocalEulerAnglesHint.x
      value: 0
      objectReference: {fileID: 0}
    - target: {fileID: 428906, guid: a5cd29a93d7ae2d488fa0376d0d08462, type: 3}
      propertyPath: m_LocalEulerAnglesHint.y
      value: 90
      objectReference: {fileID: 0}
    - target: {fileID: 428906, guid: a5cd29a93d7ae2d488fa0376d0d08462, type: 3}
      propertyPath: m_LocalEulerAnglesHint.z
      value: 0
      objectReference: {fileID: 0}
    m_RemovedComponents: []
  m_SourcePrefab: {fileID: 100100000, guid: a5cd29a93d7ae2d488fa0376d0d08462, type: 3}
--- !u!4 &5712431312951982451 stripped
Transform:
  m_CorrespondingSourceObject: {fileID: 428906, guid: a5cd29a93d7ae2d488fa0376d0d08462,
    type: 3}
  m_PrefabInstance: {fileID: 5712431312952144409}
  m_PrefabAsset: {fileID: 0}
--- !u!1001 &6093696279850414763
PrefabInstance:
  m_ObjectHideFlags: 0
  serializedVersion: 2
  m_Modification:
    m_TransformParent: {fileID: 1758246129564980636}
    m_Modifications:
    - target: {fileID: 135284, guid: a5cd29a93d7ae2d488fa0376d0d08462, type: 3}
      propertyPath: m_Name
      value: wall
      objectReference: {fileID: 0}
    - target: {fileID: 428906, guid: a5cd29a93d7ae2d488fa0376d0d08462, type: 3}
      propertyPath: m_LocalPosition.x
      value: 0
      objectReference: {fileID: 0}
    - target: {fileID: 428906, guid: a5cd29a93d7ae2d488fa0376d0d08462, type: 3}
      propertyPath: m_LocalPosition.y
      value: 4
      objectReference: {fileID: 0}
    - target: {fileID: 428906, guid: a5cd29a93d7ae2d488fa0376d0d08462, type: 3}
      propertyPath: m_LocalPosition.z
      value: 6
      objectReference: {fileID: 0}
    - target: {fileID: 428906, guid: a5cd29a93d7ae2d488fa0376d0d08462, type: 3}
      propertyPath: m_LocalRotation.x
      value: 0
      objectReference: {fileID: 0}
    - target: {fileID: 428906, guid: a5cd29a93d7ae2d488fa0376d0d08462, type: 3}
      propertyPath: m_LocalRotation.y
      value: 0
      objectReference: {fileID: 0}
    - target: {fileID: 428906, guid: a5cd29a93d7ae2d488fa0376d0d08462, type: 3}
      propertyPath: m_LocalRotation.z
      value: 0
      objectReference: {fileID: 0}
    - target: {fileID: 428906, guid: a5cd29a93d7ae2d488fa0376d0d08462, type: 3}
      propertyPath: m_LocalRotation.w
      value: 1
      objectReference: {fileID: 0}
    - target: {fileID: 428906, guid: a5cd29a93d7ae2d488fa0376d0d08462, type: 3}
      propertyPath: m_RootOrder
      value: 15
      objectReference: {fileID: 0}
    - target: {fileID: 428906, guid: a5cd29a93d7ae2d488fa0376d0d08462, type: 3}
      propertyPath: m_LocalEulerAnglesHint.x
      value: 0
      objectReference: {fileID: 0}
    - target: {fileID: 428906, guid: a5cd29a93d7ae2d488fa0376d0d08462, type: 3}
      propertyPath: m_LocalEulerAnglesHint.y
      value: 0
      objectReference: {fileID: 0}
    - target: {fileID: 428906, guid: a5cd29a93d7ae2d488fa0376d0d08462, type: 3}
      propertyPath: m_LocalEulerAnglesHint.z
      value: 0
      objectReference: {fileID: 0}
    m_RemovedComponents: []
  m_SourcePrefab: {fileID: 100100000, guid: a5cd29a93d7ae2d488fa0376d0d08462, type: 3}
--- !u!4 &6093696279850580417 stripped
Transform:
  m_CorrespondingSourceObject: {fileID: 428906, guid: a5cd29a93d7ae2d488fa0376d0d08462,
    type: 3}
  m_PrefabInstance: {fileID: 6093696279850414763}
  m_PrefabAsset: {fileID: 0}
--- !u!1001 &7339093533729968736
PrefabInstance:
  m_ObjectHideFlags: 0
  serializedVersion: 2
  m_Modification:
    m_TransformParent: {fileID: 1758246129564980636}
    m_Modifications:
    - target: {fileID: 135284, guid: a5cd29a93d7ae2d488fa0376d0d08462, type: 3}
      propertyPath: m_Name
      value: wall
      objectReference: {fileID: 0}
    - target: {fileID: 428906, guid: a5cd29a93d7ae2d488fa0376d0d08462, type: 3}
      propertyPath: m_LocalPosition.x
      value: 4
      objectReference: {fileID: 0}
    - target: {fileID: 428906, guid: a5cd29a93d7ae2d488fa0376d0d08462, type: 3}
      propertyPath: m_LocalPosition.y
      value: 4
      objectReference: {fileID: 0}
    - target: {fileID: 428906, guid: a5cd29a93d7ae2d488fa0376d0d08462, type: 3}
      propertyPath: m_LocalPosition.z
      value: 2
      objectReference: {fileID: 0}
    - target: {fileID: 428906, guid: a5cd29a93d7ae2d488fa0376d0d08462, type: 3}
      propertyPath: m_LocalRotation.x
      value: 0
      objectReference: {fileID: 0}
    - target: {fileID: 428906, guid: a5cd29a93d7ae2d488fa0376d0d08462, type: 3}
      propertyPath: m_LocalRotation.y
      value: 0
      objectReference: {fileID: 0}
    - target: {fileID: 428906, guid: a5cd29a93d7ae2d488fa0376d0d08462, type: 3}
      propertyPath: m_LocalRotation.z
      value: 0
      objectReference: {fileID: 0}
    - target: {fileID: 428906, guid: a5cd29a93d7ae2d488fa0376d0d08462, type: 3}
      propertyPath: m_LocalRotation.w
      value: 1
      objectReference: {fileID: 0}
    - target: {fileID: 428906, guid: a5cd29a93d7ae2d488fa0376d0d08462, type: 3}
      propertyPath: m_RootOrder
      value: 8
      objectReference: {fileID: 0}
    - target: {fileID: 428906, guid: a5cd29a93d7ae2d488fa0376d0d08462, type: 3}
      propertyPath: m_LocalEulerAnglesHint.x
      value: 0
      objectReference: {fileID: 0}
    - target: {fileID: 428906, guid: a5cd29a93d7ae2d488fa0376d0d08462, type: 3}
      propertyPath: m_LocalEulerAnglesHint.y
      value: 0
      objectReference: {fileID: 0}
    - target: {fileID: 428906, guid: a5cd29a93d7ae2d488fa0376d0d08462, type: 3}
      propertyPath: m_LocalEulerAnglesHint.z
      value: 0
      objectReference: {fileID: 0}
    m_RemovedComponents: []
  m_SourcePrefab: {fileID: 100100000, guid: a5cd29a93d7ae2d488fa0376d0d08462, type: 3}
--- !u!4 &7339093533729609994 stripped
Transform:
  m_CorrespondingSourceObject: {fileID: 428906, guid: a5cd29a93d7ae2d488fa0376d0d08462,
    type: 3}
  m_PrefabInstance: {fileID: 7339093533729968736}
  m_PrefabAsset: {fileID: 0}
--- !u!1001 &7482378774529543224
PrefabInstance:
  m_ObjectHideFlags: 0
  serializedVersion: 2
  m_Modification:
    m_TransformParent: {fileID: 1758246129564980636}
    m_Modifications:
    - target: {fileID: 135284, guid: a5cd29a93d7ae2d488fa0376d0d08462, type: 3}
      propertyPath: m_Name
      value: wall
      objectReference: {fileID: 0}
    - target: {fileID: 428906, guid: a5cd29a93d7ae2d488fa0376d0d08462, type: 3}
      propertyPath: m_LocalPosition.x
      value: -2
      objectReference: {fileID: 0}
    - target: {fileID: 428906, guid: a5cd29a93d7ae2d488fa0376d0d08462, type: 3}
      propertyPath: m_LocalPosition.y
      value: 0
      objectReference: {fileID: 0}
    - target: {fileID: 428906, guid: a5cd29a93d7ae2d488fa0376d0d08462, type: 3}
      propertyPath: m_LocalPosition.z
      value: 4
      objectReference: {fileID: 0}
    - target: {fileID: 428906, guid: a5cd29a93d7ae2d488fa0376d0d08462, type: 3}
      propertyPath: m_LocalRotation.x
      value: 0
      objectReference: {fileID: 0}
    - target: {fileID: 428906, guid: a5cd29a93d7ae2d488fa0376d0d08462, type: 3}
      propertyPath: m_LocalRotation.y
      value: 0.7071068
      objectReference: {fileID: 0}
    - target: {fileID: 428906, guid: a5cd29a93d7ae2d488fa0376d0d08462, type: 3}
      propertyPath: m_LocalRotation.z
      value: 0
      objectReference: {fileID: 0}
    - target: {fileID: 428906, guid: a5cd29a93d7ae2d488fa0376d0d08462, type: 3}
      propertyPath: m_LocalRotation.w
      value: 0.7071068
      objectReference: {fileID: 0}
    - target: {fileID: 428906, guid: a5cd29a93d7ae2d488fa0376d0d08462, type: 3}
      propertyPath: m_RootOrder
      value: 6
      objectReference: {fileID: 0}
    - target: {fileID: 428906, guid: a5cd29a93d7ae2d488fa0376d0d08462, type: 3}
      propertyPath: m_LocalEulerAnglesHint.x
      value: 0
      objectReference: {fileID: 0}
    - target: {fileID: 428906, guid: a5cd29a93d7ae2d488fa0376d0d08462, type: 3}
      propertyPath: m_LocalEulerAnglesHint.y
      value: 90
      objectReference: {fileID: 0}
    - target: {fileID: 428906, guid: a5cd29a93d7ae2d488fa0376d0d08462, type: 3}
      propertyPath: m_LocalEulerAnglesHint.z
      value: 0
      objectReference: {fileID: 0}
    m_RemovedComponents: []
  m_SourcePrefab: {fileID: 100100000, guid: a5cd29a93d7ae2d488fa0376d0d08462, type: 3}
--- !u!4 &7482378774529902418 stripped
Transform:
  m_CorrespondingSourceObject: {fileID: 428906, guid: a5cd29a93d7ae2d488fa0376d0d08462,
    type: 3}
  m_PrefabInstance: {fileID: 7482378774529543224}
  m_PrefabAsset: {fileID: 0}
--- !u!1001 &7534768911412585370
PrefabInstance:
  m_ObjectHideFlags: 0
  serializedVersion: 2
  m_Modification:
    m_TransformParent: {fileID: 8587796678109437131}
    m_Modifications:
    - target: {fileID: 100000, guid: 38b52066b4ac23b48bc1af6d369ddcd2, type: 3}
      propertyPath: m_Name
      value: stairs_small_no_emmision (1)
      objectReference: {fileID: 0}
    - target: {fileID: 400000, guid: 38b52066b4ac23b48bc1af6d369ddcd2, type: 3}
      propertyPath: m_LocalPosition.x
      value: 0
      objectReference: {fileID: 0}
    - target: {fileID: 400000, guid: 38b52066b4ac23b48bc1af6d369ddcd2, type: 3}
      propertyPath: m_LocalPosition.y
      value: 0
      objectReference: {fileID: 0}
    - target: {fileID: 400000, guid: 38b52066b4ac23b48bc1af6d369ddcd2, type: 3}
      propertyPath: m_LocalPosition.z
      value: 6
      objectReference: {fileID: 0}
    - target: {fileID: 400000, guid: 38b52066b4ac23b48bc1af6d369ddcd2, type: 3}
      propertyPath: m_LocalRotation.x
      value: 0
      objectReference: {fileID: 0}
    - target: {fileID: 400000, guid: 38b52066b4ac23b48bc1af6d369ddcd2, type: 3}
      propertyPath: m_LocalRotation.y
      value: 0
      objectReference: {fileID: 0}
    - target: {fileID: 400000, guid: 38b52066b4ac23b48bc1af6d369ddcd2, type: 3}
      propertyPath: m_LocalRotation.z
      value: 0
      objectReference: {fileID: 0}
    - target: {fileID: 400000, guid: 38b52066b4ac23b48bc1af6d369ddcd2, type: 3}
      propertyPath: m_LocalRotation.w
      value: 1
      objectReference: {fileID: 0}
    - target: {fileID: 400000, guid: 38b52066b4ac23b48bc1af6d369ddcd2, type: 3}
      propertyPath: m_RootOrder
      value: 3
      objectReference: {fileID: 0}
    - target: {fileID: 400000, guid: 38b52066b4ac23b48bc1af6d369ddcd2, type: 3}
      propertyPath: m_LocalEulerAnglesHint.x
      value: 0
      objectReference: {fileID: 0}
    - target: {fileID: 400000, guid: 38b52066b4ac23b48bc1af6d369ddcd2, type: 3}
      propertyPath: m_LocalEulerAnglesHint.y
      value: 0
      objectReference: {fileID: 0}
    - target: {fileID: 400000, guid: 38b52066b4ac23b48bc1af6d369ddcd2, type: 3}
      propertyPath: m_LocalEulerAnglesHint.z
      value: 0
      objectReference: {fileID: 0}
    m_RemovedComponents: []
  m_SourcePrefab: {fileID: 100100000, guid: 38b52066b4ac23b48bc1af6d369ddcd2, type: 3}
--- !u!4 &7534768911412197658 stripped
Transform:
  m_CorrespondingSourceObject: {fileID: 400000, guid: 38b52066b4ac23b48bc1af6d369ddcd2,
    type: 3}
  m_PrefabInstance: {fileID: 7534768911412585370}
  m_PrefabAsset: {fileID: 0}
--- !u!1001 &8045004279297807041
PrefabInstance:
  m_ObjectHideFlags: 0
  serializedVersion: 2
  m_Modification:
    m_TransformParent: {fileID: 4613855158818127009}
    m_Modifications:
    - target: {fileID: 100000, guid: 812faa734d6a8c24bb3a23792b50221f, type: 3}
      propertyPath: m_Name
      value: decorative_chair_LOD0
      objectReference: {fileID: 0}
    - target: {fileID: 400000, guid: 812faa734d6a8c24bb3a23792b50221f, type: 3}
      propertyPath: m_LocalPosition.x
      value: 0.6999994
      objectReference: {fileID: 0}
    - target: {fileID: 400000, guid: 812faa734d6a8c24bb3a23792b50221f, type: 3}
      propertyPath: m_LocalPosition.y
      value: 0
      objectReference: {fileID: 0}
    - target: {fileID: 400000, guid: 812faa734d6a8c24bb3a23792b50221f, type: 3}
      propertyPath: m_LocalPosition.z
      value: 2.6333327
      objectReference: {fileID: 0}
    - target: {fileID: 400000, guid: 812faa734d6a8c24bb3a23792b50221f, type: 3}
      propertyPath: m_LocalRotation.x
      value: -0
      objectReference: {fileID: 0}
    - target: {fileID: 400000, guid: 812faa734d6a8c24bb3a23792b50221f, type: 3}
      propertyPath: m_LocalRotation.y
      value: 0.9238795
      objectReference: {fileID: 0}
    - target: {fileID: 400000, guid: 812faa734d6a8c24bb3a23792b50221f, type: 3}
      propertyPath: m_LocalRotation.z
      value: -0
      objectReference: {fileID: 0}
    - target: {fileID: 400000, guid: 812faa734d6a8c24bb3a23792b50221f, type: 3}
      propertyPath: m_LocalRotation.w
      value: 0.38268363
      objectReference: {fileID: 0}
    - target: {fileID: 400000, guid: 812faa734d6a8c24bb3a23792b50221f, type: 3}
      propertyPath: m_RootOrder
      value: 0
      objectReference: {fileID: 0}
    - target: {fileID: 400000, guid: 812faa734d6a8c24bb3a23792b50221f, type: 3}
      propertyPath: m_LocalEulerAnglesHint.x
      value: 0
      objectReference: {fileID: 0}
    - target: {fileID: 400000, guid: 812faa734d6a8c24bb3a23792b50221f, type: 3}
      propertyPath: m_LocalEulerAnglesHint.y
      value: 225
      objectReference: {fileID: 0}
    - target: {fileID: 400000, guid: 812faa734d6a8c24bb3a23792b50221f, type: 3}
      propertyPath: m_LocalEulerAnglesHint.z
      value: 0
      objectReference: {fileID: 0}
    - target: {fileID: 400000, guid: 812faa734d6a8c24bb3a23792b50221f, type: 3}
      propertyPath: m_LocalScale.x
      value: 1.3333333
      objectReference: {fileID: 0}
    - target: {fileID: 400000, guid: 812faa734d6a8c24bb3a23792b50221f, type: 3}
      propertyPath: m_LocalScale.y
      value: 1.3333333
      objectReference: {fileID: 0}
    - target: {fileID: 400000, guid: 812faa734d6a8c24bb3a23792b50221f, type: 3}
      propertyPath: m_LocalScale.z
      value: 1.3333333
      objectReference: {fileID: 0}
    m_RemovedComponents: []
  m_SourcePrefab: {fileID: 100100000, guid: 812faa734d6a8c24bb3a23792b50221f, type: 3}
--- !u!1001 &8167144568502281363
PrefabInstance:
  m_ObjectHideFlags: 0
  serializedVersion: 2
  m_Modification:
    m_TransformParent: {fileID: 8587796678109437131}
    m_Modifications:
    - target: {fileID: 100000, guid: 38b52066b4ac23b48bc1af6d369ddcd2, type: 3}
      propertyPath: m_Name
      value: stairs_small_no_emmision
      objectReference: {fileID: 0}
    - target: {fileID: 400000, guid: 38b52066b4ac23b48bc1af6d369ddcd2, type: 3}
      propertyPath: m_LocalPosition.x
      value: 6
      objectReference: {fileID: 0}
    - target: {fileID: 400000, guid: 38b52066b4ac23b48bc1af6d369ddcd2, type: 3}
      propertyPath: m_LocalPosition.y
      value: 0
      objectReference: {fileID: 0}
    - target: {fileID: 400000, guid: 38b52066b4ac23b48bc1af6d369ddcd2, type: 3}
      propertyPath: m_LocalPosition.z
      value: 0
      objectReference: {fileID: 0}
    - target: {fileID: 400000, guid: 38b52066b4ac23b48bc1af6d369ddcd2, type: 3}
      propertyPath: m_LocalRotation.x
      value: 0
      objectReference: {fileID: 0}
    - target: {fileID: 400000, guid: 38b52066b4ac23b48bc1af6d369ddcd2, type: 3}
      propertyPath: m_LocalRotation.y
      value: 0.7071068
      objectReference: {fileID: 0}
    - target: {fileID: 400000, guid: 38b52066b4ac23b48bc1af6d369ddcd2, type: 3}
      propertyPath: m_LocalRotation.z
      value: 0
      objectReference: {fileID: 0}
    - target: {fileID: 400000, guid: 38b52066b4ac23b48bc1af6d369ddcd2, type: 3}
      propertyPath: m_LocalRotation.w
      value: 0.7071068
      objectReference: {fileID: 0}
    - target: {fileID: 400000, guid: 38b52066b4ac23b48bc1af6d369ddcd2, type: 3}
      propertyPath: m_RootOrder
      value: 1
      objectReference: {fileID: 0}
    - target: {fileID: 400000, guid: 38b52066b4ac23b48bc1af6d369ddcd2, type: 3}
      propertyPath: m_LocalEulerAnglesHint.x
      value: 0
      objectReference: {fileID: 0}
    - target: {fileID: 400000, guid: 38b52066b4ac23b48bc1af6d369ddcd2, type: 3}
      propertyPath: m_LocalEulerAnglesHint.y
      value: 90
      objectReference: {fileID: 0}
    - target: {fileID: 400000, guid: 38b52066b4ac23b48bc1af6d369ddcd2, type: 3}
      propertyPath: m_LocalEulerAnglesHint.z
      value: 0
      objectReference: {fileID: 0}
    m_RemovedComponents: []
  m_SourcePrefab: {fileID: 100100000, guid: 38b52066b4ac23b48bc1af6d369ddcd2, type: 3}
--- !u!4 &8167144568501894675 stripped
Transform:
  m_CorrespondingSourceObject: {fileID: 400000, guid: 38b52066b4ac23b48bc1af6d369ddcd2,
    type: 3}
  m_PrefabInstance: {fileID: 8167144568502281363}
  m_PrefabAsset: {fileID: 0}
--- !u!1001 &8175768033675944000
PrefabInstance:
  m_ObjectHideFlags: 0
  serializedVersion: 2
  m_Modification:
    m_TransformParent: {fileID: 8587796678109437131}
    m_Modifications:
    - target: {fileID: 100000, guid: 11769dcbd1ff2664f93a1c127f1c64e6, type: 3}
      propertyPath: m_Name
      value: hologram_LOD1
      objectReference: {fileID: 0}
    - target: {fileID: 400000, guid: 11769dcbd1ff2664f93a1c127f1c64e6, type: 3}
      propertyPath: m_LocalPosition.x
      value: 0
      objectReference: {fileID: 0}
    - target: {fileID: 400000, guid: 11769dcbd1ff2664f93a1c127f1c64e6, type: 3}
      propertyPath: m_LocalPosition.y
      value: 2
      objectReference: {fileID: 0}
    - target: {fileID: 400000, guid: 11769dcbd1ff2664f93a1c127f1c64e6, type: 3}
      propertyPath: m_LocalPosition.z
      value: 0
      objectReference: {fileID: 0}
    - target: {fileID: 400000, guid: 11769dcbd1ff2664f93a1c127f1c64e6, type: 3}
      propertyPath: m_LocalRotation.x
      value: -0
      objectReference: {fileID: 0}
    - target: {fileID: 400000, guid: 11769dcbd1ff2664f93a1c127f1c64e6, type: 3}
      propertyPath: m_LocalRotation.y
      value: -0
      objectReference: {fileID: 0}
    - target: {fileID: 400000, guid: 11769dcbd1ff2664f93a1c127f1c64e6, type: 3}
      propertyPath: m_LocalRotation.z
      value: -0
      objectReference: {fileID: 0}
    - target: {fileID: 400000, guid: 11769dcbd1ff2664f93a1c127f1c64e6, type: 3}
      propertyPath: m_LocalRotation.w
      value: 1
      objectReference: {fileID: 0}
    - target: {fileID: 400000, guid: 11769dcbd1ff2664f93a1c127f1c64e6, type: 3}
      propertyPath: m_RootOrder
      value: 2
      objectReference: {fileID: 0}
    - target: {fileID: 400000, guid: 11769dcbd1ff2664f93a1c127f1c64e6, type: 3}
      propertyPath: m_LocalEulerAnglesHint.x
      value: 0
      objectReference: {fileID: 0}
    - target: {fileID: 400000, guid: 11769dcbd1ff2664f93a1c127f1c64e6, type: 3}
      propertyPath: m_LocalEulerAnglesHint.y
      value: 0
      objectReference: {fileID: 0}
    - target: {fileID: 400000, guid: 11769dcbd1ff2664f93a1c127f1c64e6, type: 3}
      propertyPath: m_LocalEulerAnglesHint.z
      value: 0
      objectReference: {fileID: 0}
    - target: {fileID: 400000, guid: 11769dcbd1ff2664f93a1c127f1c64e6, type: 3}
      propertyPath: m_LocalScale.x
      value: 0.4
      objectReference: {fileID: 0}
    - target: {fileID: 400000, guid: 11769dcbd1ff2664f93a1c127f1c64e6, type: 3}
      propertyPath: m_LocalScale.y
      value: 0.4
      objectReference: {fileID: 0}
    - target: {fileID: 400000, guid: 11769dcbd1ff2664f93a1c127f1c64e6, type: 3}
      propertyPath: m_LocalScale.z
      value: 0.4
      objectReference: {fileID: 0}
    m_RemovedComponents: []
  m_SourcePrefab: {fileID: 100100000, guid: 11769dcbd1ff2664f93a1c127f1c64e6, type: 3}
--- !u!4 &8175768033675557568 stripped
Transform:
  m_CorrespondingSourceObject: {fileID: 400000, guid: 11769dcbd1ff2664f93a1c127f1c64e6,
    type: 3}
  m_PrefabInstance: {fileID: 8175768033675944000}
  m_PrefabAsset: {fileID: 0}
--- !u!1001 &8423245608644764670
PrefabInstance:
  m_ObjectHideFlags: 0
  serializedVersion: 2
  m_Modification:
    m_TransformParent: {fileID: 1758246129564980636}
    m_Modifications:
    - target: {fileID: 135284, guid: a5cd29a93d7ae2d488fa0376d0d08462, type: 3}
      propertyPath: m_Name
      value: wall
      objectReference: {fileID: 0}
    - target: {fileID: 428906, guid: a5cd29a93d7ae2d488fa0376d0d08462, type: 3}
      propertyPath: m_LocalPosition.x
      value: 2
      objectReference: {fileID: 0}
    - target: {fileID: 428906, guid: a5cd29a93d7ae2d488fa0376d0d08462, type: 3}
      propertyPath: m_LocalPosition.y
      value: 0
      objectReference: {fileID: 0}
    - target: {fileID: 428906, guid: a5cd29a93d7ae2d488fa0376d0d08462, type: 3}
      propertyPath: m_LocalPosition.z
      value: 4
      objectReference: {fileID: 0}
    - target: {fileID: 428906, guid: a5cd29a93d7ae2d488fa0376d0d08462, type: 3}
      propertyPath: m_LocalRotation.x
      value: 0
      objectReference: {fileID: 0}
    - target: {fileID: 428906, guid: a5cd29a93d7ae2d488fa0376d0d08462, type: 3}
      propertyPath: m_LocalRotation.y
      value: 0.7071068
      objectReference: {fileID: 0}
    - target: {fileID: 428906, guid: a5cd29a93d7ae2d488fa0376d0d08462, type: 3}
      propertyPath: m_LocalRotation.z
      value: 0
      objectReference: {fileID: 0}
    - target: {fileID: 428906, guid: a5cd29a93d7ae2d488fa0376d0d08462, type: 3}
      propertyPath: m_LocalRotation.w
      value: 0.7071068
      objectReference: {fileID: 0}
    - target: {fileID: 428906, guid: a5cd29a93d7ae2d488fa0376d0d08462, type: 3}
      propertyPath: m_RootOrder
      value: 7
      objectReference: {fileID: 0}
    - target: {fileID: 428906, guid: a5cd29a93d7ae2d488fa0376d0d08462, type: 3}
      propertyPath: m_LocalEulerAnglesHint.x
      value: 0
      objectReference: {fileID: 0}
    - target: {fileID: 428906, guid: a5cd29a93d7ae2d488fa0376d0d08462, type: 3}
      propertyPath: m_LocalEulerAnglesHint.y
      value: 90
      objectReference: {fileID: 0}
    - target: {fileID: 428906, guid: a5cd29a93d7ae2d488fa0376d0d08462, type: 3}
      propertyPath: m_LocalEulerAnglesHint.z
      value: 0
      objectReference: {fileID: 0}
    m_RemovedComponents: []
  m_SourcePrefab: {fileID: 100100000, guid: a5cd29a93d7ae2d488fa0376d0d08462, type: 3}
--- !u!4 &8423245608644864148 stripped
Transform:
  m_CorrespondingSourceObject: {fileID: 428906, guid: a5cd29a93d7ae2d488fa0376d0d08462,
    type: 3}
  m_PrefabInstance: {fileID: 8423245608644764670}
  m_PrefabAsset: {fileID: 0}
--- !u!1001 &9083514871201657014
PrefabInstance:
  m_ObjectHideFlags: 0
  serializedVersion: 2
  m_Modification:
    m_TransformParent: {fileID: 1758246129564980636}
    m_Modifications:
    - target: {fileID: 135284, guid: a5cd29a93d7ae2d488fa0376d0d08462, type: 3}
      propertyPath: m_Name
      value: wall
      objectReference: {fileID: 0}
    - target: {fileID: 428906, guid: a5cd29a93d7ae2d488fa0376d0d08462, type: 3}
      propertyPath: m_LocalPosition.x
      value: 4
      objectReference: {fileID: 0}
    - target: {fileID: 428906, guid: a5cd29a93d7ae2d488fa0376d0d08462, type: 3}
      propertyPath: m_LocalPosition.y
      value: 0
      objectReference: {fileID: 0}
    - target: {fileID: 428906, guid: a5cd29a93d7ae2d488fa0376d0d08462, type: 3}
      propertyPath: m_LocalPosition.z
      value: 2
      objectReference: {fileID: 0}
    - target: {fileID: 428906, guid: a5cd29a93d7ae2d488fa0376d0d08462, type: 3}
      propertyPath: m_LocalRotation.x
      value: 0
      objectReference: {fileID: 0}
    - target: {fileID: 428906, guid: a5cd29a93d7ae2d488fa0376d0d08462, type: 3}
      propertyPath: m_LocalRotation.y
      value: 0
      objectReference: {fileID: 0}
    - target: {fileID: 428906, guid: a5cd29a93d7ae2d488fa0376d0d08462, type: 3}
      propertyPath: m_LocalRotation.z
      value: 0
      objectReference: {fileID: 0}
    - target: {fileID: 428906, guid: a5cd29a93d7ae2d488fa0376d0d08462, type: 3}
      propertyPath: m_LocalRotation.w
      value: 1
      objectReference: {fileID: 0}
    - target: {fileID: 428906, guid: a5cd29a93d7ae2d488fa0376d0d08462, type: 3}
      propertyPath: m_RootOrder
      value: 2
      objectReference: {fileID: 0}
    - target: {fileID: 428906, guid: a5cd29a93d7ae2d488fa0376d0d08462, type: 3}
      propertyPath: m_LocalEulerAnglesHint.x
      value: 0
      objectReference: {fileID: 0}
    - target: {fileID: 428906, guid: a5cd29a93d7ae2d488fa0376d0d08462, type: 3}
      propertyPath: m_LocalEulerAnglesHint.y
      value: 0
      objectReference: {fileID: 0}
    - target: {fileID: 428906, guid: a5cd29a93d7ae2d488fa0376d0d08462, type: 3}
      propertyPath: m_LocalEulerAnglesHint.z
      value: 0
      objectReference: {fileID: 0}
    m_RemovedComponents: []
  m_SourcePrefab: {fileID: 100100000, guid: a5cd29a93d7ae2d488fa0376d0d08462, type: 3}
--- !u!4 &9083514871201758172 stripped
Transform:
  m_CorrespondingSourceObject: {fileID: 428906, guid: a5cd29a93d7ae2d488fa0376d0d08462,
    type: 3}
  m_PrefabInstance: {fileID: 9083514871201657014}
  m_PrefabAsset: {fileID: 0}
--- !u!1001 &9163412408195784506
PrefabInstance:
  m_ObjectHideFlags: 0
  serializedVersion: 2
  m_Modification:
    m_TransformParent: {fileID: 1399902149273994642}
    m_Modifications:
    - target: {fileID: 146124, guid: 6812e31ceb91fc04da03973c6b1054cd, type: 3}
      propertyPath: m_Name
      value: ceeling_item
      objectReference: {fileID: 0}
    - target: {fileID: 434982, guid: 6812e31ceb91fc04da03973c6b1054cd, type: 3}
      propertyPath: m_LocalPosition.x
      value: 0
      objectReference: {fileID: 0}
    - target: {fileID: 434982, guid: 6812e31ceb91fc04da03973c6b1054cd, type: 3}
      propertyPath: m_LocalPosition.y
      value: 0
      objectReference: {fileID: 0}
    - target: {fileID: 434982, guid: 6812e31ceb91fc04da03973c6b1054cd, type: 3}
      propertyPath: m_LocalPosition.z
      value: 4
      objectReference: {fileID: 0}
    - target: {fileID: 434982, guid: 6812e31ceb91fc04da03973c6b1054cd, type: 3}
      propertyPath: m_LocalRotation.x
      value: -0
      objectReference: {fileID: 0}
    - target: {fileID: 434982, guid: 6812e31ceb91fc04da03973c6b1054cd, type: 3}
      propertyPath: m_LocalRotation.y
      value: 0.7071068
      objectReference: {fileID: 0}
    - target: {fileID: 434982, guid: 6812e31ceb91fc04da03973c6b1054cd, type: 3}
      propertyPath: m_LocalRotation.z
      value: -0
      objectReference: {fileID: 0}
    - target: {fileID: 434982, guid: 6812e31ceb91fc04da03973c6b1054cd, type: 3}
      propertyPath: m_LocalRotation.w
      value: 0.7071068
      objectReference: {fileID: 0}
    - target: {fileID: 434982, guid: 6812e31ceb91fc04da03973c6b1054cd, type: 3}
      propertyPath: m_RootOrder
      value: 0
      objectReference: {fileID: 0}
    - target: {fileID: 434982, guid: 6812e31ceb91fc04da03973c6b1054cd, type: 3}
      propertyPath: m_LocalEulerAnglesHint.x
      value: 0
      objectReference: {fileID: 0}
    - target: {fileID: 434982, guid: 6812e31ceb91fc04da03973c6b1054cd, type: 3}
      propertyPath: m_LocalEulerAnglesHint.y
      value: 90
      objectReference: {fileID: 0}
    - target: {fileID: 434982, guid: 6812e31ceb91fc04da03973c6b1054cd, type: 3}
      propertyPath: m_LocalEulerAnglesHint.z
      value: 0
      objectReference: {fileID: 0}
    m_RemovedComponents: []
  m_SourcePrefab: {fileID: 100100000, guid: 6812e31ceb91fc04da03973c6b1054cd, type: 3}
--- !u!4 &9163412408195890204 stripped
Transform:
  m_CorrespondingSourceObject: {fileID: 434982, guid: 6812e31ceb91fc04da03973c6b1054cd,
    type: 3}
  m_PrefabInstance: {fileID: 9163412408195784506}
  m_PrefabAsset: {fileID: 0}
